<?xml version="1.0" encoding="UTF-8"?>
<!DOCTYPE html PUBLIC "-//W3C//DTD XHTML 1.0 Transitional//EN"
    "http://www.w3.org/TR/xhtml1/DTD/xhtml1-transitional.dtd">
<html xmlns="http://www.w3.org/1999/xhtml" xml:lang="en" lang="en">
 <head>
  <title>
</title>
<meta http-equiv="Content-Type" content="text/html;charset=utf-8" />
  <meta name='ocr-system' content='tesseract 3.04.00' />
  <meta name='ocr-capabilities' content='ocr_page ocr_carea ocr_par ocr_line ocrx_word'/>
</head>
<body>
  <div class='ocr_page' id='page_1' title='image "./recentiorisaevi00duisgoog_0010.png"; bbox 0 0 3180 5048; ppageno 0'>
   <div class='ocr_carea' id='block_1_1' title="bbox 569 1430 949 1526">
    <p class='ocr_par' dir='ltr' id='par_1_1' title="bbox 569 1430 949 1526">
     <span class='ocr_line' id='line_1_1' title="bbox 569 1430 949 1526; baseline 0.003 -1"><span class='ocrx_word' id='word_1_1' title='bbox 569 1430 949 1526; x_wconf 78' lang='lat' dir='ltr'><strong>Praelatio.</strong></span> 
     </span>
    </p>
   </div>
   <div class='ocr_carea' id='block_1_2' title="bbox 714 1622 817 1634">
    <p class='ocr_par' dir='ltr' id='par_1_2' title="bbox 714 1622 817 1634">
     <span class='ocr_line' id='line_1_2' title="bbox 714 1622 817 1634; baseline 0 0"><span class='ocrx_word' id='word_1_2' title='bbox 714 1622 817 1634; x_wconf 64' lang='lat' dir='ltr'><strong>m</strong></span> 
     </span>
    </p>
   </div>
   <div class='ocr_carea' id='block_1_3' title="bbox 145 1704 1389 4487">
    <p class='ocr_par' dir='ltr' id='par_1_3' title="bbox 145 1704 1386 3619">
     <span class='ocr_line' id='line_1_3' title="bbox 145 1704 1382 1846; baseline 0.003 -31"><span class='ocrx_word' id='word_1_3' title='bbox 145 1704 272 1816; x_wconf 82' lang='lat' dir='ltr'><strong>ludex</strong></span> <span class='ocrx_word' id='word_1_4' title='bbox 291 1742 547 1816; x_wconf 80' lang='lat' dir='ltr'><strong>numismatum</strong></span> <span class='ocrx_word' id='word_1_5' title='bbox 581 1743 617 1816; x_wconf 95' lang='lat' dir='ltr'><strong>in</strong></span> <span class='ocrx_word' id='word_1_6' title='bbox 640 1744 801 1819; x_wconf 86' lang='lat' dir='ltr'><strong>virorum</strong></span> <span class='ocrx_word' id='word_1_7' title='bbox 822 1745 867 1818; x_wconf 90' lang='lat' dir='ltr'><strong>dc</strong></span> <span class='ocrx_word' id='word_1_8' title='bbox 895 1745 1004 1819; x_wconf 90' lang='lat' dir='ltr'><strong>rebus</strong></span> <span class='ocrx_word' id='word_1_9' title='bbox 1036 1744 1186 1819; x_wconf 88' lang='lat' dir='ltr'><strong>medicis</strong></span> <span class='ocrx_word' id='word_1_10' title='bbox 1206 1712 1264 1818; x_wconf 91' lang='lat' dir='ltr'><strong>vel</strong></span> <span class='ocrx_word' id='word_1_11' title='bbox 1288 1744 1382 1846; x_wconf 91' lang='lat' dir='ltr'><strong>phy·</strong></span> 
     </span>
     <span class='ocr_line' id='line_1_4' title="bbox 145 1863 1382 1963; baseline 0.002 -27"><span class='ocrx_word' id='word_1_12' title='bbox 145 1863 229 1938; x_wconf 86' lang='lat' dir='ltr'><strong>sicis</strong></span> <span class='ocrx_word' id='word_1_13' title='bbox 257 1863 469 1937; x_wconf 88' lang='lat' dir='ltr'><strong>meritorum</strong></span> <span class='ocrx_word' id='word_1_14' title='bbox 504 1864 713 1938; x_wconf 85' lang='lat' dir='ltr'><strong>memorium</strong></span> <span class='ocrx_word' id='word_1_15' title='bbox 747 1892 1021 1956; x_wconf 73' lang='lat' dir='ltr'><strong>percussorum,</strong></span> <span class='ocrx_word' id='word_1_16' title='bbox 1053 1892 1160 1963; x_wconf 89' lang='lat' dir='ltr'><strong>quem</strong></span> <span class='ocrx_word' id='word_1_17' title='bbox 1182 1864 1222 1939; x_wconf 81' lang='lat' dir='ltr'><strong>C.</strong></span> <span class='ocrx_word' id='word_1_18' title='bbox 1245 1867 1287 1938; x_wconf 83' lang='lat' dir='ltr'><strong>A.</strong></span> <span class='ocrx_word' id='word_1_19' title='bbox 1308 1864 1382 1939; x_wconf 82' lang='lat' dir='ltr'><strong>Ru-</strong></span> 
     </span>
     <span class='ocr_line' id='line_1_5' title="bbox 146 1983 1381 2083; baseline -0.001 -25"><span class='ocrx_word' id='word_1_20' title='bbox 146 1983 272 2083; x_wconf 86' lang='lat' dir='ltr'><strong>dolplri</strong></span> <span class='ocrx_word' id='word_1_21' title='bbox 292 1984 446 2083; x_wconf 91' lang='lat' dir='ltr'><strong>primum</strong></span> <span class='ocrx_word' id='word_1_22' title='bbox 467 2012 498 2056; x_wconf 87' lang='lat' dir='ltr'><strong>a.</strong></span> <span class='ocrx_word' id='word_1_23' title='bbox 522 1986 617 2057; x_wconf 74' lang='lat'>1823</span> <span class='ocrx_word' id='word_1_24' title='bbox 645 1986 774 2076; x_wconf 83' lang='lat' dir='ltr'><strong>edidit,</strong></span> <span class='ocrx_word' id='word_1_25' title='bbox 813 1985 866 2058; x_wconf 91' lang='lat' dir='ltr'><strong>bis</strong></span> <span class='ocrx_word' id='word_1_26' title='bbox 891 1998 1029 2059; x_wconf 86' lang='lat' dir='ltr'><strong>tautum</strong></span> <span class='ocrx_word' id='word_1_27' title='bbox 1056 2014 1087 2059; x_wconf 87' lang='lat' dir='ltr'><strong>a.</strong></span> <span class='ocrx_word' id='word_1_28' title='bbox 1114 1988 1206 2058; x_wconf 74' lang='lat'>1825</span> <span class='ocrx_word' id='word_1_29' title='bbox 1228 1996 1264 2059; x_wconf 90' lang='lat' dir='ltr'><strong>et</strong></span> <span class='ocrx_word' id='word_1_30' title='bbox 1286 1986 1381 2057; x_wconf 81' lang='lat'>1829</span> 
     </span>
     <span class='ocr_line' id='line_1_6' title="bbox 145 2104 1383 2206; baseline -0.001 -28"><span class='ocrx_word' id='word_1_31' title='bbox 145 2105 337 2178; x_wconf 90' lang='lat' dir='ltr'><strong>abeodem</strong></span> <span class='ocrx_word' id='word_1_32' title='bbox 359 2117 508 2178; x_wconf 89' lang='lat' dir='ltr'><strong>auctore</strong></span> <span class='ocrx_word' id='word_1_33' title='bbox 528 2105 625 2177; x_wconf 86' lang='lat' dir='ltr'><strong>foras</strong></span> <span class='ocrx_word' id='word_1_34' title='bbox 645 2106 752 2180; x_wconf 84' lang='lat' dir='ltr'><strong>datus</strong></span> <span class='ocrx_word' id='word_1_35' title='bbox 773 2118 837 2179; x_wconf 85' lang='lat' dir='ltr'><strong>est.</strong></span> <span class='ocrx_word' id='word_1_36' title='bbox 878 2104 1014 2194; x_wconf 74' lang='lat' dir='ltr'><strong>Quare,</strong></span> <span class='ocrx_word' id='word_1_37' title='bbox 1035 2104 1248 2206; x_wconf 87' lang='lat' dir='ltr'><strong>praesertim</strong></span> <span class='ocrx_word' id='word_1_38' title='bbox 1270 2130 1383 2201; x_wconf 91' lang='lat' dir='ltr'><strong>quum</strong></span> 
     </span>
     <span class='ocr_line' id='line_1_7' title="bbox 146 2224 1383 2323; baseline 0.002 -26"><span class='ocrx_word' id='word_1_39' title='bbox 146 2226 350 2310; x_wconf 87' lang='lat' dir='ltr'><strong>accederet,</strong></span> <span class='ocrx_word' id='word_1_40' title='bbox 377 2238 417 2298; x_wconf 86' lang='lat' dir='ltr'><strong>ut</strong></span> <span class='ocrx_word' id='word_1_41' title='bbox 436 2251 530 2322; x_wconf 89' lang='lat' dir='ltr'><strong>quac</strong></span> <span class='ocrx_word' id='word_1_42' title='bbox 550 2237 678 2322; x_wconf 87' lang='lat' dir='ltr'><strong>postea</strong></span> <span class='ocrx_word' id='word_1_43' title='bbox 696 2225 731 2297; x_wconf 89' lang='lat' dir='ltr'><strong>in</strong></span> <span class='ocrx_word' id='word_1_44' title='bbox 751 2227 867 2298; x_wconf 86' lang='lat' dir='ltr'><strong>lucem</strong></span> <span class='ocrx_word' id='word_1_45' title='bbox 891 2224 1130 2322; x_wconf 73' lang='lat' dir='ltr'>prodiissent,</span> <span class='ocrx_word' id='word_1_46' title='bbox 1151 2250 1383 2323; x_wconf 83' lang='lat' dir='ltr'><strong>nequaquam</strong></span> 
     </span>
     <span class='ocr_line' id='line_1_8' title="bbox 149 2343 1385 2443; baseline 0.006 -29"><span class='ocrx_word' id='word_1_47' title='bbox 149 2343 235 2416; x_wconf 87' lang='lat' dir='ltr'><strong>viris</strong></span> <span class='ocrx_word' id='word_1_48' title='bbox 255 2343 371 2416; x_wconf 87' lang='lat' dir='ltr'><strong>doctis</strong></span> <span class='ocrx_word' id='word_1_49' title='bbox 390 2343 538 2442; x_wconf 84' lang='lat' dir='ltr'><strong>probari</strong></span> <span class='ocrx_word' id='word_1_50' title='bbox 556 2356 723 2441; x_wconf 88' lang='lat' dir='ltr'><strong>possent,</strong></span> <span class='ocrx_word' id='word_1_51' title='bbox 749 2370 834 2443; x_wconf 80' lang='lat' dir='ltr'><strong>ega,</strong></span> <span class='ocrx_word' id='word_1_52' title='bbox 859 2343 921 2441; x_wconf 89' lang='lat' dir='ltr'><strong>qui</strong></span> <span class='ocrx_word' id='word_1_53' title='bbox 942 2356 978 2418; x_wconf 88' lang='lat' dir='ltr'><strong>et</strong></span> <span class='ocrx_word' id='word_1_54' title='bbox 996 2371 1113 2418; x_wconf 85' lang='lat' dir='ltr'><strong>meam</strong></span> <span class='ocrx_word' id='word_1_55' title='bbox 1134 2344 1247 2443; x_wconf 90' lang='lat' dir='ltr'><strong>ipsius</strong></span> <span class='ocrx_word' id='word_1_56' title='bbox 1267 2344 1385 2421; x_wconf 89' lang='lat' dir='ltr'><strong>nurni-</strong></span> 
     </span>
     <span class='ocr_line' id='line_1_9' title="bbox 147 2461 1385 2563; baseline 0.002 -27"><span class='ocrx_word' id='word_1_57' title='bbox 147 2476 301 2536; x_wconf 87' lang='lat' dir='ltr'><strong>smaturu</strong></span> <span class='ocrx_word' id='word_1_58' title='bbox 324 2461 573 2537; x_wconf 80' lang='lat' dir='ltr'><strong>collectionem</strong></span> <span class='ocrx_word' id='word_1_59' title='bbox 595 2463 784 2563; x_wconf 86' lang='lat' dir='ltr'><strong>paullatim</strong></span> <span class='ocrx_word' id='word_1_60' title='bbox 799 2463 905 2537; x_wconf 80' lang='lat' dir='ltr'><strong>valde</strong></span> <span class='ocrx_word' id='word_1_61' title='bbox 926 2465 1110 2539; x_wconf 78' lang='lat' dir='ltr'><strong>auxissent</strong></span> <span class='ocrx_word' id='word_1_62' title='bbox 1132 2477 1169 2539; x_wconf 82' lang='lat' dir='ltr'><strong>et·</strong></span> <span class='ocrx_word' id='word_1_63' title='bbox 1186 2466 1385 2541; x_wconf 90' lang='lat' dir='ltr'><strong>amicorum</strong></span> 
     </span>
     <span class='ocr_line' id='line_1_10' title="bbox 147 2583 1385 2685; baseline 0.005 -30"><span class='ocrx_word' id='word_1_64' title='bbox 147 2610 259 2685; x_wconf 87' lang='lat' dir='ltr'><strong>opera</strong></span> <span class='ocrx_word' id='word_1_65' title='bbox 278 2583 505 2682; x_wconf 85' lang='lat' dir='ltr'><strong>consilioque</strong></span> <span class='ocrx_word' id='word_1_66' title='bbox 524 2610 634 2683; x_wconf 83' lang='lat' dir='ltr'><strong>saepe</strong></span> <span class='ocrx_word' id='word_1_67' title='bbox 654 2586 800 2683; x_wconf 81' lang='lat' dir='ltr'><strong>adjut-us</strong></span> <span class='ocrx_word' id='word_1_68' title='bbox 820 2610 951 2677; x_wconf 87' lang='lat' dir='ltr'><strong>essem,</strong></span> <span class='ocrx_word' id='word_1_69' title='bbox 977 2613 1049 2658; x_wconf 90' lang='lat' dir='ltr'><strong>uon</strong></span> <span class='ocrx_word' id='word_1_70' title='bbox 1077 2586 1219 2660; x_wconf 90' lang='lat' dir='ltr'><strong>irritum</strong></span> <span class='ocrx_word' id='word_1_71' title='bbox 1247 2613 1303 2661; x_wconf 88' lang='lat' dir='ltr'><strong>me</strong></span> <span class='ocrx_word' id='word_1_72' title='bbox 1330 2587 1385 2661; x_wconf 86' lang='lat' dir='ltr'><strong>sa·</strong></span> 
     </span>
     <span class='ocr_line' id='line_1_11' title="bbox 147 2703 1385 2806; baseline 0.002 -26"><span class='ocrx_word' id='word_1_73' title='bbox 147 2718 290 2780; x_wconf 87' lang='lat' dir='ltr'><strong>ct-ururn</strong></span> <span class='ocrx_word' id='word_1_74' title='bbox 315 2705 478 2805; x_wconf 80' lang='lat' dir='ltr'><strong>speravi,</strong></span> <span class='ocrx_word' id='word_1_75' title='bbox 510 2705 539 2778; x_wconf 90' lang='lat' dir='ltr'><strong>si</strong></span> <span class='ocrx_word' id='word_1_76' title='bbox 559 2703 758 2806; x_wconf 82' lang='lat' dir='ltr'><strong>Rudolplrii</strong></span> <span class='ocrx_word' id='word_1_77' title='bbox 777 2704 909 2779; x_wconf 88' lang='lat' dir='ltr'><strong>librum</strong></span> <span class='ocrx_word' id='word_1_78' title='bbox 937 2705 1067 2780; x_wconf 88' lang='lat' dir='ltr'><strong>iterum</strong></span> <span class='ocrx_word' id='word_1_79' title='bbox 1090 2705 1295 2783; x_wconf 87' lang='lat' dir='ltr'><strong>edidissem.</strong></span> <span class='ocrx_word' id='word_1_80' title='bbox 1328 2711 1385 2783; x_wconf 86' lang='lat' dir='ltr'><strong>Ac</strong></span> 
     </span>
     <span class='ocr_line' id='line_1_12' title="bbox 147 2824 1386 2926; baseline 0 -26"><span class='ocrx_word' id='word_1_81' title='bbox 147 2827 193 2900; x_wconf 90' lang='lat' dir='ltr'><strong>de</strong></span> <span class='ocrx_word' id='word_1_82' title='bbox 210 2851 291 2899; x_wconf 89' lang='lat' dir='ltr'><strong>mea</strong></span> <span class='ocrx_word' id='word_1_83' title='bbox 306 2825 453 2923; x_wconf 87' lang='lat' dir='ltr'><strong>quidem</strong></span> <span class='ocrx_word' id='word_1_84' title='bbox 470 2851 593 2926; x_wconf 87' lang='lat' dir='ltr'><strong>opera,</strong></span> <span class='ocrx_word' id='word_1_85' title='bbox 614 2826 674 2924; x_wconf 89' lang='lat' dir='ltr'><strong>qui</strong></span> <span class='ocrx_word' id='word_1_86' title='bbox 694 2824 861 2925; x_wconf 83' lang='lat' dir='ltr'><strong>legerint,</strong></span> <span class='ocrx_word' id='word_1_87' title='bbox 875 2824 1060 2923; x_wconf 87' lang='lat' dir='ltr'><strong>judiceut;</strong></span> <span class='ocrx_word' id='word_1_88' title='bbox 1087 2825 1157 2900; x_wconf 90' lang='lat' dir='ltr'><strong>illis</strong></span> <span class='ocrx_word' id='word_1_89' title='bbox 1180 2854 1267 2901; x_wconf 84' lang='lat' dir='ltr'><strong>vero</strong></span> <span class='ocrx_word' id='word_1_90' title='bbox 1287 2829 1386 2926; x_wconf 90' lang='lat' dir='ltr'><strong>quod</strong></span> 
     </span>
     <span class='ocr_line' id='line_1_13' title="bbox 148 2944 1384 3047; baseline 0.001 -29"><span class='ocrx_word' id='word_1_91' title='bbox 148 2946 233 3019; x_wconf 86' lang='lat' dir='ltr'><strong>ruihi</strong></span> <span class='ocrx_word' id='word_1_92' title='bbox 250 2958 410 3047; x_wconf 85' lang='lat' dir='ltr'><strong>potestas</strong></span> <span class='ocrx_word' id='word_1_93' title='bbox 429 2945 590 3019; x_wconf 88' lang='lat' dir='ltr'><strong>auiruurn</strong></span> <span class='ocrx_word' id='word_1_94' title='bbox 608 2944 810 3020; x_wconf 86' lang='lat' dir='ltr'><strong>officiorum</strong></span> <span class='ocrx_word' id='word_1_95' title='bbox 827 2946 1086 3046; x_wconf 86' lang='lat' dir='ltr'><strong>praestitorum</strong></span> <span class='ocrx_word' id='word_1_96' title='bbox 1103 2973 1300 3021; x_wconf 88' lang='lat' dir='ltr'><strong>memorem</strong></span> <span class='ocrx_word' id='word_1_97' title='bbox 1317 2972 1384 3046; x_wconf 93' lang='lat' dir='ltr'><strong>pu-</strong></span> 
     </span>
     <span class='ocr_line' id='line_1_14' title="bbox 147 3065 1384 3166; baseline 0.001 -27"><span class='ocrx_word' id='word_1_98' title='bbox 147 3066 238 3141; x_wconf 90' lang='lat' dir='ltr'><strong>blice</strong></span> <span class='ocrx_word' id='word_1_99' title='bbox 257 3065 416 3141; x_wconf 87' lang='lat' dir='ltr'><strong>testandi</strong></span> <span class='ocrx_word' id='word_1_100' title='bbox 435 3067 530 3140; x_wconf 87' lang='lat' dir='ltr'><strong>facta</strong></span> <span class='ocrx_word' id='word_1_101' title='bbox 549 3078 615 3154; x_wconf 90' lang='lat' dir='ltr'><strong>est,</strong></span> <span class='ocrx_word' id='word_1_102' title='bbox 635 3066 784 3140; x_wconf 89' lang='lat' dir='ltr'><strong>mirifice</strong></span> <span class='ocrx_word' id='word_1_103' title='bbox 798 3068 954 3166; x_wconf 81' lang='lat' dir='ltr'><strong>gaudeo.</strong></span> <span class='ocrx_word' id='word_1_104' title='bbox 994 3066 1122 3164; x_wconf 87' lang='lat' dir='ltr'><strong>ltaque</strong></span> <span class='ocrx_word' id='word_1_105' title='bbox 1143 3066 1240 3139; x_wconf 85' lang='lat' dir='ltr'><strong>Viris</strong></span> <span class='ocrx_word' id='word_1_106' title='bbox 1260 3065 1384 3140; x_wconf 88' lang='lat' dir='ltr'><strong>elaris·</strong></span> 
     </span>
     <span class='ocr_line' id='line_1_15' title="bbox 146 3184 1385 3287; baseline -0.002 -26"><span class='ocrx_word' id='word_1_107' title='bbox 146 3186 246 3262; x_wconf 90' lang='lat' dir='ltr'><strong>simis</strong></span> <span class='ocrx_word' id='word_1_108' title='bbox 272 3188 323 3260; x_wconf 89' lang='lat' dir='ltr'><strong>ab</strong></span> <span class='ocrx_word' id='word_1_109' title='bbox 352 3184 519 3277; x_wconf 78' lang='lat' dir='ltr'><strong>OlserS,</strong></span> <span class='ocrx_word' id='word_1_110' title='bbox 552 3184 655 3284; x_wconf 84' lang='lat' dir='ltr'><strong>Tys,</strong></span> <span class='ocrx_word' id='word_1_111' title='bbox 687 3185 1026 3275; x_wconf 85' lang='lat' dir='ltr'><strong>Friedlaendcr,</strong></span> <span class='ocrx_word' id='word_1_112' title='bbox 1052 3187 1260 3287; x_wconf 80' lang='lat' dir='ltr'><strong>llilppell,</strong></span> <span class='ocrx_word' id='word_1_113' title='bbox 1284 3184 1385 3260; x_wconf 91' lang='lat' dir='ltr'><strong>Bol-</strong></span> 
     </span>
     <span class='ocr_line' id='line_1_16' title="bbox 147 3305 1384 3407; baseline 0 -28"><span class='ocrx_word' id='word_1_114' title='bbox 147 3307 321 3381; x_wconf 88' lang='lat' dir='ltr'><strong>zenthal</strong></span> <span class='ocrx_word' id='word_1_115' title='bbox 340 3305 476 3404; x_wconf 82' lang='lat' dir='ltr'><strong>gratias</strong></span> <span class='ocrx_word' id='word_1_116' title='bbox 496 3333 565 3405; x_wconf 80' lang='lat' dir='ltr'><strong>ago</strong></span> <span class='ocrx_word' id='word_1_117' title='bbox 587 3306 776 3396; x_wconf 74' lang='lat' dir='ltr'><strong>mammas,</strong></span> <span class='ocrx_word' id='word_1_118' title='bbox 796 3307 932 3407; x_wconf 88' lang='lat' dir='ltr'><strong>quippe</strong></span> <span class='ocrx_word' id='word_1_119' title='bbox 952 3306 1014 3405; x_wconf 89' lang='lat' dir='ltr'><strong>qui</strong></span> <span class='ocrx_word' id='word_1_120' title='bbox 1030 3321 1092 3381; x_wconf 89' lang='lat' dir='ltr'><strong>aut</strong></span> <span class='ocrx_word' id='word_1_121' title='bbox 1105 3307 1267 3381; x_wconf 79' lang='lat' dir='ltr'><strong>Ber-oliui</strong></span> <span class='ocrx_word' id='word_1_122' title='bbox 1287 3332 1384 3381; x_wconf 86' lang='lat' dir='ltr'><strong>com·</strong></span> 
     </span>
     <span class='ocr_line' id='line_1_17' title="bbox 149 3425 1384 3525; baseline 0.003 -28"><span class='ocrx_word' id='word_1_123' title='bbox 149 3428 304 3499; x_wconf 89' lang='lat' dir='ltr'><strong>moranti</strong></span> <span class='ocrx_word' id='word_1_124' title='bbox 323 3425 411 3498; x_wconf 92' lang='lat' dir='ltr'><strong>mihi</strong></span> <span class='ocrx_word' id='word_1_125' title='bbox 431 3449 584 3525; x_wconf 85' lang='lat' dir='ltr'><strong>maguae</strong></span> <span class='ocrx_word' id='word_1_126' title='bbox 610 3426 747 3500; x_wconf 86' lang='lat' dir='ltr'><strong>suerint</strong></span> <span class='ocrx_word' id='word_1_127' title='bbox 767 3425 912 3501; x_wconf 81' lang='lat' dir='ltr'><strong>utilitati</strong></span> <span class='ocrx_word' id='word_1_128' title='bbox 941 3441 1003 3502; x_wconf 88' lang='lat' dir='ltr'><strong>aut</strong></span> <span class='ocrx_word' id='word_1_129' title='bbox 1027 3427 1261 3502; x_wconf 87' lang='lat' dir='ltr'><strong>collectiones</strong></span> <span class='ocrx_word' id='word_1_130' title='bbox 1285 3451 1384 3501; x_wconf 88' lang='lat' dir='ltr'><strong>meas</strong></span> 
     </span>
     <span class='ocr_line' id='line_1_18' title="bbox 148 3545 496 3619; baseline 0.009 -3"><span class='ocrx_word' id='word_1_131' title='bbox 148 3545 253 3618; x_wconf 90' lang='lat' dir='ltr'><strong>donis</strong></span> <span class='ocrx_word' id='word_1_132' title='bbox 272 3545 496 3619; x_wconf 86' lang='lat' dir='ltr'><strong>ornaverint.</strong></span> 
     </span>
    </p>

    <p class='ocr_par' dir='ltr' id='par_1_4' title="bbox 146 3664 1389 4487">
     <span class='ocr_line' id='line_1_19' title="bbox 251 3664 1385 3764; baseline 0.004 -26"><span class='ocrx_word' id='word_1_133' title='bbox 251 3664 388 3754; x_wconf 83' lang='lat' dir='ltr'><strong>Restat,</strong></span> <span class='ocrx_word' id='word_1_134' title='bbox 408 3676 448 3738; x_wconf 85' lang='lat' dir='ltr'><strong>ut</strong></span> <span class='ocrx_word' id='word_1_135' title='bbox 467 3666 641 3739; x_wconf 88' lang='lat' dir='ltr'><strong>rationem</strong></span> <span class='ocrx_word' id='word_1_136' title='bbox 664 3668 828 3755; x_wconf 86' lang='lat' dir='ltr'><strong>doceam,</strong></span> <span class='ocrx_word' id='word_1_137' title='bbox 847 3692 956 3764; x_wconf 86' lang='lat' dir='ltr'><strong>quam</strong></span> <span class='ocrx_word' id='word_1_138' title='bbox 978 3667 1012 3738; x_wconf 92' lang='lat' dir='ltr'><strong>iu</strong></span> <span class='ocrx_word' id='word_1_139' title='bbox 1032 3668 1100 3741; x_wconf 87' lang='lat' dir='ltr'><strong>hac</strong></span> <span class='ocrx_word' id='word_1_140' title='bbox 1116 3668 1276 3741; x_wconf 83' lang='lat' dir='ltr'><strong>editione</strong></span> <span class='ocrx_word' id='word_1_141' title='bbox 1296 3667 1385 3742; x_wconf 88' lang='lat' dir='ltr'><strong>mihi</strong></span> 
     </span>
     <span class='ocr_line' id='line_1_20' title="bbox 148 3786 1386 3888; baseline 0.004 -30"><span class='ocrx_word' id='word_1_142' title='bbox 148 3786 343 3859; x_wconf 89' lang='lat' dir='ltr'><strong>ineundam</strong></span> <span class='ocrx_word' id='word_1_143' title='bbox 375 3809 453 3858; x_wconf 87' lang='lat' dir='ltr'><strong>esse</strong></span> <span class='ocrx_word' id='word_1_144' title='bbox 486 3786 628 3875; x_wconf 88' lang='lat' dir='ltr'><strong>censui,</strong></span> <span class='ocrx_word' id='word_1_145' title='bbox 660 3788 759 3883; x_wconf 88' lang='lat' dir='ltr'><strong>quod</strong></span> <span class='ocrx_word' id='word_1_146' title='bbox 791 3812 834 3857; x_wconf 91' lang='lat' dir='ltr'><strong>eo</strong></span> <span class='ocrx_word' id='word_1_147' title='bbox 860 3787 978 3859; x_wconf 87' lang='lat' dir='ltr'><strong>minus</strong></span> <span class='ocrx_word' id='word_1_148' title='bbox 1004 3787 1091 3860; x_wconf 85' lang='lat' dir='ltr'><strong>milri</strong></span> <span class='ocrx_word' id='word_1_149' title='bbox 1124 3788 1386 3888; x_wconf 81' lang='lat' dir='ltr'><strong>negligendum</strong></span> 
     </span>
     <span class='ocr_line' id='line_1_21' title="bbox 147 3904 1387 4008; baseline 0.002 -27"><span class='ocrx_word' id='word_1_150' title='bbox 147 3905 374 3997; x_wconf 82' lang='lat' dir='ltr'><strong>existimari,</strong></span> <span class='ocrx_word' id='word_1_151' title='bbox 408 3931 482 4003; x_wconf 88' lang='lat' dir='ltr'><strong>quo</strong></span> <span class='ocrx_word' id='word_1_152' title='bbox 508 3905 622 4005; x_wconf 81' lang='lat' dir='ltr'><strong>magis</strong></span> <span class='ocrx_word' id='word_1_153' title='bbox 648 3934 669 3979; x_wconf 88' lang='lat' dir='ltr'><strong>a</strong></span> <span class='ocrx_word' id='word_1_154' title='bbox 692 3904 900 4005; x_wconf 77' lang='lat' dir='ltr'><strong>lludolphio</strong></span> <span class='ocrx_word' id='word_1_155' title='bbox 927 3908 1120 4008; x_wconf 82' lang='lat' dir='ltr'><strong>discrepat.</strong></span> <span class='ocrx_word' id='word_1_156' title='bbox 1160 3909 1264 3982; x_wconf 92' lang='lat' dir='ltr'><strong>lllum</strong></span> <span class='ocrx_word' id='word_1_157' title='bbox 1291 3909 1387 3983; x_wconf 91' lang='lat' dir='ltr'><strong>euim</strong></span> 
     </span>
     <span class='ocr_line' id='line_1_22' title="bbox 146 4025 1389 4126; baseline 0.002 -24"><span class='ocrx_word' id='word_1_158' title='bbox 146 4040 289 4102; x_wconf 87' lang='lat' dir='ltr'><strong>tantum</strong></span> <span class='ocrx_word' id='word_1_159' title='bbox 309 4042 457 4100; x_wconf 90' lang='lat' dir='ltr'><strong>secutus</strong></span> <span class='ocrx_word' id='word_1_160' title='bbox 476 4052 554 4098; x_wconf 89' lang='lat' dir='ltr'><strong>sum</strong></span> <span class='ocrx_word' id='word_1_161' title='bbox 576 4053 694 4099; x_wconf 88' lang='lat' dir='ltr'><strong>mores</strong></span> <span class='ocrx_word' id='word_1_162' title='bbox 714 4038 823 4122; x_wconf 85' lang='lat' dir='ltr'><strong>atquo</strong></span> <span class='ocrx_word' id='word_1_163' title='bbox 857 4025 1003 4126; x_wconf 82' lang='lat' dir='ltr'><strong>ingenia</strong></span> <span class='ocrx_word' id='word_1_164' title='bbox 1030 4057 1155 4103; x_wconf 89' lang='lat' dir='ltr'><strong>eorum</strong></span> <span class='ocrx_word' id='word_1_165' title='bbox 1176 4030 1389 4104; x_wconf 88' lang='lat' dir='ltr'><strong>describen-</strong></span> 
     </span>
     <span class='ocr_line' id='line_1_23' title="bbox 148 4146 1389 4247; baseline 0.002 -26"><span class='ocrx_word' id='word_1_166' title='bbox 148 4161 233 4239; x_wconf 89' lang='lat' dir='ltr'><strong>tem,</strong></span> <span class='ocrx_word' id='word_1_167' title='bbox 253 4173 409 4245; x_wconf 87' lang='lat' dir='ltr'><strong>quorum</strong></span> <span class='ocrx_word' id='word_1_168' title='bbox 429 4146 464 4218; x_wconf 90' lang='lat' dir='ltr'><strong>iu</strong></span> <span class='ocrx_word' id='word_1_169' title='bbox 486 4146 660 4220; x_wconf 88' lang='lat' dir='ltr'><strong>honorem</strong></span> <span class='ocrx_word' id='word_1_170' title='bbox 683 4146 902 4221; x_wconf 83' lang='lat' dir='ltr'><strong>numismata</strong></span> <span class='ocrx_word' id='word_1_171' title='bbox 921 4148 1063 4247; x_wconf 82' lang='lat' dir='ltr'><strong>signata</strong></span> <span class='ocrx_word' id='word_1_172' title='bbox 1080 4163 1179 4240; x_wconf 85' lang='lat' dir='ltr'><strong>suut3</strong></span> <span class='ocrx_word' id='word_1_173' title='bbox 1204 4177 1287 4224; x_wconf 89' lang='lat' dir='ltr'><strong>nam</strong></span> <span class='ocrx_word' id='word_1_174' title='bbox 1309 4152 1389 4224; x_wconf 87' lang='lat' dir='ltr'><strong>bre-</strong></span> 
     </span>
     <span class='ocr_line' id='line_1_24' title="bbox 149 4266 1388 4371; baseline 0.002 -30"><span class='ocrx_word' id='word_1_175' title='bbox 149 4268 204 4341; x_wconf 89' lang='lat' dir='ltr'><strong>vis</strong></span> <span class='ocrx_word' id='word_1_176' title='bbox 230 4281 284 4341; x_wconf 89' lang='lat' dir='ltr'><strong>est</strong></span> <span class='ocrx_word' id='word_1_177' title='bbox 309 4268 524 4340; x_wconf 87' lang='lat' dir='ltr'><strong>indicendo</strong></span> <span class='ocrx_word' id='word_1_178' title='bbox 549 4280 595 4355; x_wconf 85' lang='lat' dir='ltr'><strong>et,</strong></span> <span class='ocrx_word' id='word_1_179' title='bbox 621 4293 713 4365; x_wconf 85' lang='lat' dir='ltr'><strong>quac</strong></span> <span class='ocrx_word' id='word_1_180' title='bbox 738 4266 897 4368; x_wconf 88' lang='lat' dir='ltr'><strong>scripsit,</strong></span> <span class='ocrx_word' id='word_1_181' title='bbox 922 4269 1040 4370; x_wconf 90' lang='lat' dir='ltr'><strong>ipsum</strong></span> <span class='ocrx_word' id='word_1_182' title='bbox 1063 4270 1182 4345; x_wconf 81' lang='lat' dir='ltr'><strong>virum</strong></span> <span class='ocrx_word' id='word_1_183' title='bbox 1202 4271 1388 4371; x_wconf 84' lang='lat' dir='ltr'><strong>aperiuut3</strong></span> 
     </span>
     <span class='ocr_line' id='line_1_25' title="bbox 149 4386 812 4487; baseline 0 -26"><span class='ocrx_word' id='word_1_184' title='bbox 149 4387 290 4486; x_wconf 90' lang='lat' dir='ltr'><strong>reliqua</strong></span> <span class='ocrx_word' id='word_1_185' title='bbox 307 4387 416 4487; x_wconf 86' lang='lat' dir='ltr'><strong>longe</strong></span> <span class='ocrx_word' id='word_1_186' title='bbox 435 4387 507 4461; x_wconf 87' lang='lat' dir='ltr'><strong>alio</strong></span> <span class='ocrx_word' id='word_1_187' title='bbox 527 4387 638 4461; x_wconf 89' lang='lat' dir='ltr'><strong>modo</strong></span> <span class='ocrx_word' id='word_1_188' title='bbox 658 4386 812 4462; x_wconf 88' lang='lat' dir='ltr'><strong>institui.</strong></span> 
     </span>
    </p>
   </div>
   <div class='ocr_carea' id='block_1_4' title="bbox 0 0 1597 5048">
    <p class='ocr_par' dir='ltr' id='par_1_5' title="bbox 0 0 1597 5048">
     <span class='ocr_line' id='line_1_26' title="bbox 0 0 1597 5048; baseline 0 0"><span class='ocrx_word' id='word_1_189' title='bbox 0 0 1597 5048; x_wconf 95' lang='lat' dir='ltr'><strong> </strong></span> 
     </span>
    </p>
   </div>
  </div>
 </body>
</html>
