<?xml version="1.0" encoding="UTF-8"?>
<!DOCTYPE html PUBLIC "-//W3C//DTD XHTML 1.0 Transitional//EN"
    "http://www.w3.org/TR/xhtml1/DTD/xhtml1-transitional.dtd">
<html xmlns="http://www.w3.org/1999/xhtml" xml:lang="en" lang="en">
 <head>
  <title>
</title>
<meta http-equiv="Content-Type" content="text/html;charset=utf-8" />
  <meta name='ocr-system' content='tesseract 3.04.00' />
  <meta name='ocr-capabilities' content='ocr_page ocr_carea ocr_par ocr_line ocrx_word'/>
</head>
<body>
  <div class='ocr_page' id='page_1' title='image "./recentiorisaevi00duisgoog_0206.png"; bbox 0 0 3180 5048; ppageno 0'>
   <div class='ocr_carea' id='block_1_1' title="bbox 605 1427 923 1513">
    <p class='ocr_par' dir='ltr' id='par_1_1' title="bbox 605 1427 923 1513">
     <span class='ocr_line' id='line_1_1' title="bbox 605 1427 923 1513; baseline 0 -1"><span class='ocrx_word' id='word_1_1' title='bbox 605 1429 663 1512; x_wconf 89' lang='lat' dir='ltr'>V.</span> <span class='ocrx_word' id='word_1_2' title='bbox 700 1427 923 1513; x_wconf 81' lang='lat' dir='ltr'>slavi.</span> 
     </span>
    </p>
   </div>
   <div class='ocr_carea' id='block_1_2' title="bbox 146 1721 1388 2326">
    <p class='ocr_par' dir='ltr' id='par_1_2' title="bbox 146 1721 1388 2326">
     <span class='ocr_line' id='line_1_2' title="bbox 146 1721 1386 1808; baseline -0.001 -19"><span class='ocrx_word' id='word_1_3' title='bbox 146 1721 266 1790; x_wconf 79' lang='lat' dir='ltr'>DVIL</span> <span class='ocrx_word' id='word_1_4' title='bbox 281 1726 441 1789; x_wconf 72' lang='lat' dir='ltr'>Ausmus</span> <span class='ocrx_word' id='word_1_5' title='bbox 454 1723 720 1788; x_wconf 68' lang='lat' dir='ltr'>Pmoun-sen</span> <span class='ocrx_word' id='word_1_6' title='bbox 733 1723 1131 1807; x_wconf 77' lang='lat' dir='ltr'>anrusenuu-Rluum,</span> <span class='ocrx_word' id='word_1_7' title='bbox 1150 1723 1309 1808; x_wconf 86' lang='lat' dir='ltr'>Comes,</span> <span class='ocrx_word' id='word_1_8' title='bbox 1327 1745 1386 1788; x_wconf 78' lang='lat' dir='ltr'>nn-</span> 
     </span>
     <span class='ocr_line' id='line_1_3' title="bbox 304 1825 1386 1914; baseline 0.002 -24"><span class='ocrx_word' id='word_1_9' title='bbox 304 1836 357 1891; x_wconf 86' lang='lat' dir='ltr'>tus</span> <span class='ocrx_word' id='word_1_10' title='bbox 377 1825 572 1891; x_wconf 80' lang='lat' dir='ltr'>Moseovine</span> <span class='ocrx_word' id='word_1_11' title='bbox 602 1851 653 1891; x_wconf 87' lang='lat' dir='ltr'>nn.</span> <span class='ocrx_word' id='word_1_12' title='bbox 682 1828 777 1909; x_wconf 77' lang='lat'><strong>1693,</strong></span> <span class='ocrx_word' id='word_1_13' title='bbox 810 1826 950 1892; x_wconf 76' lang='lat' dir='ltr'>dunatus</span> <span class='ocrx_word' id='word_1_14' title='bbox 975 1826 1148 1914; x_wconf 87' lang='lat' dir='ltr'>Petropoli</span> <span class='ocrx_word' id='word_1_15' title='bbox 1178 1827 1210 1893; x_wconf 88' lang='lat' dir='ltr'>d.</span> <span class='ocrx_word' id='word_1_16' title='bbox 1232 1828 1283 1893; x_wconf 79' lang='lat'>24.</span> <span class='ocrx_word' id='word_1_17' title='bbox 1301 1829 1386 1913; x_wconf 86' lang='lat' dir='ltr'>Apr.</span> 
     </span>
     <span class='ocr_line' id='line_1_4' title="bbox 306 1929 1388 2016; baseline 0.003 -24"><span class='ocrx_word' id='word_1_18' title='bbox 306 1930 402 2008; x_wconf 74' lang='lat'><strong>17663</strong></span> <span class='ocrx_word' id='word_1_19' title='bbox 431 1930 472 1994; x_wconf 86' lang='lat' dir='ltr'>ud</span> <span class='ocrx_word' id='word_1_20' title='bbox 493 1953 638 1995; x_wconf 84' lang='lat' dir='ltr'>summus</span> <span class='ocrx_word' id='word_1_21' title='bbox 658 1931 782 2016; x_wconf 80' lang='lat' dir='ltr'>passim</span> <span class='ocrx_word' id='word_1_22' title='bbox 804 1931 981 2016; x_wconf 79' lang='lat' dir='ltr'>dignitates</span> <span class='ocrx_word' id='word_1_23' title='bbox 1002 1940 1154 2014; x_wconf 82' lang='lat' dir='ltr'>evectus,</span> <span class='ocrx_word' id='word_1_24' title='bbox 1184 1930 1248 1994; x_wconf 82' lang='lat' dir='ltr'>alio</span> <span class='ocrx_word' id='word_1_25' title='bbox 1267 1929 1388 1995; x_wconf 85' lang='lat' dir='ltr'>iterum</span> 
     </span>
     <span class='ocr_line' id='line_1_5' title="bbox 303 2031 1388 2119; baseline 0.003 -22"><span class='ocrx_word' id='word_1_26' title='bbox 303 2042 454 2119; x_wconf 84' lang='lat' dir='ltr'>tempore</span> <span class='ocrx_word' id='word_1_27' title='bbox 485 2032 577 2116; x_wconf 80' lang='lat' dir='ltr'>exul,</span> <span class='ocrx_word' id='word_1_28' title='bbox 608 2057 672 2098; x_wconf 91' lang='lat' dir='ltr'>nen</span> <span class='ocrx_word' id='word_1_29' title='bbox 693 2044 803 2099; x_wconf 82' lang='lat' dir='ltr'>tumen</span> <span class='ocrx_word' id='word_1_30' title='bbox 823 2036 964 2116; x_wconf 80' lang='lat' dir='ltr'>fractus,</span> <span class='ocrx_word' id='word_1_31' title='bbox 995 2033 1036 2097; x_wconf 80' lang='lat' dir='ltr'>ad</span> <span class='ocrx_word' id='word_1_32' title='bbox 1068 2031 1159 2117; x_wconf 92' lang='lat' dir='ltr'>quod</span> <span class='ocrx_word' id='word_1_33' title='bbox 1189 2033 1388 2100; x_wconf 80' lang='lat' dir='ltr'><strong>numismata</strong></span> 
     </span>
     <span class='ocr_line' id='line_1_6' title="bbox 303 2135 1386 2223; baseline 0.003 -23"><span class='ocrx_word' id='word_1_34' title='bbox 303 2135 473 2220; x_wconf 80' lang='lat' dir='ltr'>alludunt,</span> <span class='ocrx_word' id='word_1_35' title='bbox 501 2137 575 2201; x_wconf 84' lang='lat' dir='ltr'>heic</span> <span class='ocrx_word' id='word_1_36' title='bbox 599 2137 663 2202; x_wconf 86' lang='lat' dir='ltr'>loei</span> <span class='ocrx_word' id='word_1_37' title='bbox 689 2137 731 2201; x_wconf 85' lang='lat' dir='ltr'>ob</span> <span class='ocrx_word' id='word_1_38' title='bbox 755 2138 932 2201; x_wconf 83' lang='lat' dir='ltr'>tincturum</span> <span class='ocrx_word' id='word_1_39' title='bbox 953 2135 994 2200; x_wconf 82' lang='lat' dir='ltr'>ab</span> <span class='ocrx_word' id='word_1_40' title='bbox 1014 2159 1053 2200; x_wconf 88' lang='lat' dir='ltr'>eo</span> <span class='ocrx_word' id='word_1_41' title='bbox 1073 2135 1277 2222; x_wconf 78' lang='lat' dir='ltr'>diiulgutam</span> <span class='ocrx_word' id='word_1_42' title='bbox 1297 2138 1386 2223; x_wconf 86' lang='lat' dir='ltr'>ejus·</span> 
     </span>
     <span class='ocr_line' id='line_1_7' title="bbox 305 2240 943 2326; baseline 0 -23"><span class='ocrx_word' id='word_1_43' title='bbox 305 2262 369 2324; x_wconf 89' lang='lat' dir='ltr'>que</span> <span class='ocrx_word' id='word_1_44' title='bbox 389 2241 521 2305; x_wconf 89' lang='lat' dir='ltr'>nomine</span> <span class='ocrx_word' id='word_1_45' title='bbox 540 2240 703 2326; x_wconf 75' lang='lat' dir='ltr'>insignem</span> <span class='ocrx_word' id='word_1_46' title='bbox 721 2249 943 2303; x_wconf 82' lang='lat' dir='ltr'>enumeratur.</span> 
     </span>
    </p>
   </div>
   <div class='ocr_carea' id='block_1_3' title="bbox 169 2357 1387 3475">
    <p class='ocr_par' dir='ltr' id='par_1_3' title="bbox 176 2357 1387 2633">
     <span class='ocr_line' id='line_1_8' title="bbox 176 2357 1387 2448; baseline 0.002 -27"><span class='ocrx_word' id='word_1_47' title='bbox 176 2359 203 2424; x_wconf 91' lang='lat'>1.</span> <span class='ocrx_word' id='word_1_48' title='bbox 222 2358 320 2424; x_wconf 86' lang='lat' dir='ltr'>Adv.</span> <span class='ocrx_word' id='word_1_49' title='bbox 342 2359 500 2447; x_wconf 77' lang='lat' dir='ltr'>Effigies,</span> <span class='ocrx_word' id='word_1_50' title='bbox 525 2359 587 2425; x_wconf 92' lang='lat' dir='ltr'>sub</span> <span class='ocrx_word' id='word_1_51' title='bbox 613 2382 692 2443; x_wconf 83' lang='lat' dir='ltr'>qna:</span> <span class='ocrx_word' id='word_1_52' title='bbox 722 2359 756 2423; x_wconf 80' lang='lat' dir='ltr'>J.</span> <span class='ocrx_word' id='word_1_53' title='bbox 777 2359 820 2425; x_wconf 88' lang='lat' dir='ltr'>G.</span> <span class='ocrx_word' id='word_1_54' title='bbox 839 2357 1050 2445; x_wconf 83' lang='lat' dir='ltr'>II(0ltzlrey).</span> <span class='ocrx_word' id='word_1_55' title='bbox 1075 2359 1114 2424; x_wconf 83' lang='lat' dir='ltr'>F.</span> <span class='ocrx_word' id='word_1_56' title='bbox 1133 2359 1257 2425; x_wconf 86' lang='lat' dir='ltr'>Iuscr.</span> <span class='ocrx_word' id='word_1_57' title='bbox 1275 2358 1387 2448; x_wconf 86' lang='lat' dir='ltr'>Alexy</span> 
     </span>
     <span class='ocr_line' id='line_1_9' title="bbox 304 2460 1386 2549; baseline 0 -20"><span class='ocrx_word' id='word_1_58' title='bbox 304 2462 427 2529; x_wconf 86' lang='lat' dir='ltr'>Comes</span> <span class='ocrx_word' id='word_1_59' title='bbox 441 2463 494 2527; x_wconf 86' lang='lat' dir='ltr'>De</span> <span class='ocrx_word' id='word_1_60' title='bbox 513 2461 877 2545; x_wconf 71' lang='lat' dir='ltr'>Bestusehefdiinmin,</span> <span class='ocrx_word' id='word_1_61' title='bbox 896 2461 1020 2547; x_wconf 87' lang='lat' dir='ltr'>Imper.</span> <span class='ocrx_word' id='word_1_62' title='bbox 1034 2462 1168 2549; x_wconf 84' lang='lat' dir='ltr'>Majest.</span> <span class='ocrx_word' id='word_1_63' title='bbox 1181 2460 1282 2529; x_wconf 73' lang='lat' dir='ltr'>Rutu</span> <span class='ocrx_word' id='word_1_64' title='bbox 1296 2463 1386 2531; x_wconf 75' lang='lat' dir='ltr'>Cau-</span> 
     </span>
     <span class='ocr_line' id='line_1_10' title="bbox 303 2566 539 2633; baseline 0 -1"><span class='ocrx_word' id='word_1_65' title='bbox 303 2566 457 2633; x_wconf 81' lang='lat' dir='ltr'>eellurius</span> <span class='ocrx_word' id='word_1_66' title='bbox 477 2574 539 2632; x_wconf 87' lang='lat' dir='ltr'>ete.</span> 
     </span>
    </p>

    <p class='ocr_par' dir='ltr' id='par_1_4' title="bbox 234 2669 1386 2962">
     <span class='ocr_line' id='line_1_11' title="bbox 234 2669 1386 2756; baseline 0.001 -21"><span class='ocrx_word' id='word_1_67' title='bbox 234 2672 300 2738; x_wconf 86' lang='lat' dir='ltr'>Av.</span> <span class='ocrx_word' id='word_1_68' title='bbox 318 2669 433 2756; x_wconf 89' lang='lat' dir='ltr'>Rupes</span> <span class='ocrx_word' id='word_1_69' title='bbox 455 2670 520 2735; x_wconf 90' lang='lat' dir='ltr'>duo</span> <span class='ocrx_word' id='word_1_70' title='bbox 539 2669 573 2734; x_wconf 90' lang='lat' dir='ltr'>in</span> <span class='ocrx_word' id='word_1_71' title='bbox 593 2669 674 2733; x_wconf 81' lang='lat' dir='ltr'>mari</span> <span class='ocrx_word' id='word_1_72' title='bbox 688 2678 866 2750; x_wconf 71' lang='lat' dir='ltr'>commoto,</span> <span class='ocrx_word' id='word_1_73' title='bbox 886 2692 1031 2755; x_wconf 81' lang='lat' dir='ltr'>superne</span> <span class='ocrx_word' id='word_1_74' title='bbox 1050 2669 1101 2734; x_wconf 91' lang='lat' dir='ltr'>sol</span> <span class='ocrx_word' id='word_1_75' title='bbox 1118 2669 1263 2736; x_wconf 86' lang='lat' dir='ltr'>nubibus</span> <span class='ocrx_word' id='word_1_76' title='bbox 1283 2670 1386 2736; x_wconf 79' lang='lat' dir='ltr'>maxi-</span> 
     </span>
     <span class='ocr_line' id='line_1_12' title="bbox 303 2773 1386 2860; baseline 0.003 -22"><span class='ocrx_word' id='word_1_77' title='bbox 303 2796 389 2838; x_wconf 88' lang='lat' dir='ltr'>mum</span> <span class='ocrx_word' id='word_1_78' title='bbox 408 2782 536 2860; x_wconf 83' lang='lat' dir='ltr'>partem</span> <span class='ocrx_word' id='word_1_79' title='bbox 555 2773 739 2856; x_wconf 82' lang='lat' dir='ltr'>obvelatus,</span> <span class='ocrx_word' id='word_1_80' title='bbox 759 2773 898 2838; x_wconf 81' lang='lat' dir='ltr'>fulmina</span> <span class='ocrx_word' id='word_1_81' title='bbox 917 2784 951 2838; x_wconf 88' lang='lat' dir='ltr'>et</span> <span class='ocrx_word' id='word_1_82' title='bbox 968 2773 1101 2839; x_wconf 84' lang='lat' dir='ltr'>imbres.</span> <span class='ocrx_word' id='word_1_83' title='bbox 1120 2774 1245 2840; x_wconf 87' lang='lat' dir='ltr'>Inscr.</span> <span class='ocrx_word' id='word_1_84' title='bbox 1261 2774 1386 2842; x_wconf 92' lang='lat' dir='ltr'>Immo·</span> 
     </span>
     <span class='ocr_line' id='line_1_13' title="bbox 301 2874 1149 2962; baseline 0 -22"><span class='ocrx_word' id='word_1_85' title='bbox 301 2874 378 2942; x_wconf 88' lang='lat' dir='ltr'>bilis</span> <span class='ocrx_word' id='word_1_86' title='bbox 398 2875 438 2941; x_wconf 89' lang='lat' dir='ltr'>In</span> <span class='ocrx_word' id='word_1_87' title='bbox 456 2874 588 2941; x_wconf 89' lang='lat' dir='ltr'>Mobili.</span> <span class='ocrx_word' id='word_1_88' title='bbox 608 2877 748 2962; x_wconf 72' lang='lat' dir='ltr'>Euerg.</span> <span class='ocrx_word' id='word_1_89' title='bbox 768 2876 911 2961; x_wconf 79' lang='lat' dir='ltr'>Semper</span> <span class='ocrx_word' id='word_1_90' title='bbox 929 2876 1034 2942; x_wconf 86' lang='lat' dir='ltr'>Idem.</span> <span class='ocrx_word' id='word_1_91' title='bbox 1058 2875 1149 2940; x_wconf 85' lang='grc'><strong>1757.</strong></span> 
     </span>
    </p>

    <p class='ocr_par' dir='ltr' id='par_1_5' title="bbox 227 2976 687 3065">
     <span class='ocr_line' id='line_1_14' title="bbox 227 2976 687 3065; baseline 0 -22"><span class='ocrx_word' id='word_1_92' title='bbox 227 2976 333 3044; x_wconf 80' lang='lat' dir='ltr'>Num.</span> <span class='ocrx_word' id='word_1_93' title='bbox 351 2976 501 3065; x_wconf 86' lang='lat' dir='ltr'>bipollic.</span> <span class='ocrx_word' id='word_1_94' title='bbox 520 2978 616 3044; x_wconf 85' lang='lat' dir='ltr'>Rud.</span> <span class='ocrx_word' id='word_1_95' title='bbox 636 2979 687 3044; x_wconf 79' lang='lat'>68.</span> 
     </span>
    </p>

    <p class='ocr_par' dir='ltr' id='par_1_6' title="bbox 169 3081 676 3168">
     <span class='ocr_line' id='line_1_15' title="bbox 169 3081 676 3168; baseline 0.004 -22"><span class='ocrx_word' id='word_1_96' title='bbox 169 3081 215 3149; x_wconf 78' lang='grc'>*2.</span> <span class='ocrx_word' id='word_1_97' title='bbox 236 3081 332 3147; x_wconf 78' lang='lat' dir='ltr'>ndv.</span> <span class='ocrx_word' id='word_1_98' title='bbox 352 3091 386 3147; x_wconf 83' lang='lat' dir='ltr'>et</span> <span class='ocrx_word' id='word_1_99' title='bbox 399 3082 468 3148; x_wconf 88' lang='lat' dir='ltr'>Av.</span> <span class='ocrx_word' id='word_1_100' title='bbox 489 3091 527 3147; x_wconf 91' lang='lat' dir='ltr'>ut</span> <span class='ocrx_word' id='word_1_101' title='bbox 543 3082 676 3168; x_wconf 85' lang='lat' dir='ltr'>prioris.</span> 
     </span>
    </p>

    <p class='ocr_par' dir='ltr' id='par_1_7' title="bbox 231 3183 1386 3475">
     <span class='ocr_line' id='line_1_16' title="bbox 231 3183 1384 3273; baseline -0.001 -23"><span class='ocrx_word' id='word_1_102' title='bbox 231 3184 333 3251; x_wconf 92' lang='lat' dir='ltr'>Num.</span> <span class='ocrx_word' id='word_1_103' title='bbox 355 3185 422 3270; x_wconf 72' lang='lat' dir='ltr'>l¹s4</span> <span class='ocrx_word' id='word_1_104' title='bbox 441 3184 553 3271; x_wconf 84' lang='lat' dir='ltr'>pellic.</span> <span class='ocrx_word' id='word_1_105' title='bbox 574 3193 782 3270; x_wconf 63' lang='lat' dir='ltr'>argenteum</span> <span class='ocrx_word' id='word_1_106' title='bbox 814 3185 984 3270; x_wconf 74' lang='lat' dir='ltr'>depictum</span> <span class='ocrx_word' id='word_1_107' title='bbox 1012 3209 1064 3271; x_wconf 80' lang='lat' dir='ltr'>ap.</span> <span class='ocrx_word' id='word_1_108' title='bbox 1083 3183 1286 3273; x_wconf 78' lang='lat' dir='ltr'>Bfisehing</span> <span class='ocrx_word' id='word_1_109' title='bbox 1304 3187 1384 3271; x_wconf 82' lang='lat' dir='ltr'>p.4‚</span> 
     </span>
     <span class='ocr_line' id='line_1_17' title="bbox 302 3287 1386 3374; baseline 0.002 -22"><span class='ocrx_word' id='word_1_110' title='bbox 302 3288 358 3373; x_wconf 90' lang='lat' dir='ltr'>qui</span> <span class='ocrx_word' id='word_1_111' title='bbox 378 3297 488 3352; x_wconf 83' lang='lat' dir='ltr'>tumen</span> <span class='ocrx_word' id='word_1_112' title='bbox 508 3289 568 3354; x_wconf 91' lang='lat' dir='ltr'>sub</span> <span class='ocrx_word' id='word_1_113' title='bbox 590 3289 700 3374; x_wconf 80' lang='lat' dir='ltr'>effigie</span> <span class='ocrx_word' id='word_1_114' title='bbox 724 3289 836 3354; x_wconf 79' lang='lat' dir='ltr'>literas</span> <span class='ocrx_word' id='word_1_115' title='bbox 856 3289 895 3355; x_wconf 92' lang='lat' dir='ltr'>B.</span> <span class='ocrx_word' id='word_1_116' title='bbox 913 3290 957 3354; x_wconf 88' lang='lat' dir='ltr'>K.</span> <span class='ocrx_word' id='word_1_117' title='bbox 977 3288 1087 3373; x_wconf 83' lang='lat' dir='ltr'>dedit,</span> <span class='ocrx_word' id='word_1_118' title='bbox 1117 3288 1192 3355; x_wconf 86' lang='lat' dir='ltr'>loco</span> <span class='ocrx_word' id='word_1_119' title='bbox 1214 3287 1386 3354; x_wconf 81' lang='lat' dir='ltr'>literarum</span> 
     </span>
     <span class='ocr_line' id='line_1_18' title="bbox 299 3390 876 3475; baseline -0.002 -18"><span class='ocrx_word' id='word_1_120' title='bbox 299 3392 334 3457; x_wconf 82' lang='lat' dir='ltr'>J.</span> <span class='ocrx_word' id='word_1_121' title='bbox 355 3390 399 3458; x_wconf 88' lang='lat' dir='ltr'>G.</span> <span class='ocrx_word' id='word_1_122' title='bbox 419 3391 462 3455; x_wconf 87' lang='lat' dir='ltr'>H.</span> <span class='ocrx_word' id='word_1_123' title='bbox 479 3391 517 3455; x_wconf 86' lang='lat' dir='ltr'>F.</span> <span class='ocrx_word' id='word_1_124' title='bbox 537 3390 570 3454; x_wconf 90' lang='lat' dir='ltr'>in</span> <span class='ocrx_word' id='word_1_125' title='bbox 590 3391 772 3475; x_wconf 80' lang='lat' dir='ltr'>specimine</span> <span class='ocrx_word' id='word_1_126' title='bbox 792 3415 876 3457; x_wconf 87' lang='lat' dir='ltr'>meo.</span> 
     </span>
    </p>
   </div>
   <div class='ocr_carea' id='block_1_4' title="bbox 168 3509 1385 4525">
    <p class='ocr_par' dir='ltr' id='par_1_8' title="bbox 168 3509 1385 4525">
     <span class='ocr_line' id='line_1_19' title="bbox 172 3509 1385 3597; baseline 0.003 -21"><span class='ocrx_word' id='word_1_127' title='bbox 172 3511 220 3578; x_wconf 83' lang='lat'>*3.</span> <span class='ocrx_word' id='word_1_128' title='bbox 240 3511 338 3576; x_wconf 88' lang='lat' dir='ltr'>Adv.</span> <span class='ocrx_word' id='word_1_129' title='bbox 361 3510 515 3597; x_wconf 80' lang='lat' dir='ltr'>Effigies.</span> <span class='ocrx_word' id='word_1_130' title='bbox 533 3511 657 3576; x_wconf 88' lang='lat' dir='ltr'>Inser.</span> <span class='ocrx_word' id='word_1_131' title='bbox 676 3509 815 3575; x_wconf 82' lang='lat' dir='ltr'>Alexins</span> <span class='ocrx_word' id='word_1_132' title='bbox 835 3510 957 3576; x_wconf 86' lang='lat' dir='ltr'>Comes</span> <span class='ocrx_word' id='word_1_133' title='bbox 974 3513 1006 3575; x_wconf 82' lang='grc' dir='ltr'><strong>Λ</strong></span> <span class='ocrx_word' id='word_1_134' title='bbox 1022 3510 1385 3580; x_wconf 70' lang='grc' dir='ltr'>Βθεὶυεοὴεῖ-Βὶιιηιίη.</span> 
     </span>
     <span class='ocr_line' id='line_1_20' title="bbox 300 3612 1383 3700; baseline 0.002 -21"><span class='ocrx_word' id='word_1_135' title='bbox 300 3613 445 3700; x_wconf 83' lang='lat' dir='ltr'>Exerg.</span> <span class='ocrx_word' id='word_1_136' title='bbox 464 3614 550 3699; x_wconf 89' lang='lat' dir='ltr'><strong>Imp.</strong></span> <span class='ocrx_word' id='word_1_137' title='bbox 572 3614 671 3679; x_wconf 87' lang='lat' dir='ltr'>Russ.</span> <span class='ocrx_word' id='word_1_138' title='bbox 691 3612 782 3679; x_wconf 90' lang='lat' dir='ltr'>Olim</span> <span class='ocrx_word' id='word_1_139' title='bbox 802 3612 974 3679; x_wconf 84' lang='lat' dir='ltr'>Guneelur.</span> <span class='ocrx_word' id='word_1_140' title='bbox 995 3616 1102 3680; x_wconf 87' lang='lat' dir='ltr'>Nune.</span> <span class='ocrx_word' id='word_1_141' title='bbox 1127 3614 1257 3681; x_wconf 83' lang='lat' dir='ltr'>Senior.</span> <span class='ocrx_word' id='word_1_142' title='bbox 1276 3615 1383 3681; x_wconf 80' lang='lat' dir='ltr'>Exer-</span> 
     </span>
     <span class='ocr_line' id='line_1_21' title="bbox 301 3715 1382 3787; baseline 0.003 -5"><span class='ocrx_word' id='word_1_143' title='bbox 301 3718 354 3784; x_wconf 84' lang='lat' dir='ltr'>cit.</span> <span class='ocrx_word' id='word_1_144' title='bbox 382 3718 472 3782; x_wconf 86' lang='lat' dir='ltr'>Dux.</span> <span class='ocrx_word' id='word_1_145' title='bbox 498 3717 624 3784; x_wconf 88' lang='lat' dir='ltr'>Consil.</span> <span class='ocrx_word' id='word_1_146' title='bbox 645 3719 743 3782; x_wconf 84' lang='lat' dir='ltr'>Aetn.</span> <span class='ocrx_word' id='word_1_147' title='bbox 774 3715 885 3780; x_wconf 90' lang='lat' dir='ltr'>Intim.</span> <span class='ocrx_word' id='word_1_148' title='bbox 909 3716 955 3782; x_wconf 79' lang='lat' dir='ltr'>Et</span> <span class='ocrx_word' id='word_1_149' title='bbox 984 3717 1097 3784; x_wconf 83' lang='lat' dir='ltr'>Senat</span> <span class='ocrx_word' id='word_1_150' title='bbox 1121 3717 1265 3785; x_wconf 84' lang='lat' dir='ltr'>Primus.</span> <span class='ocrx_word' id='word_1_151' title='bbox 1284 3717 1318 3785; x_wconf 88' lang='lat' dir='ltr'>J.</span> <span class='ocrx_word' id='word_1_152' title='bbox 1339 3717 1382 3787; x_wconf 90' lang='lat' dir='ltr'>G.</span> 
     </span>
     <span class='ocr_line' id='line_1_22' title="bbox 299 3819 581 3907; baseline -0.011 -19"><span class='ocrx_word' id='word_1_153' title='bbox 299 3819 522 3907; x_wconf 83' lang='lat' dir='ltr'>W(ueehter).</span> <span class='ocrx_word' id='word_1_154' title='bbox 542 3821 581 3885; x_wconf 78' lang='lat' dir='ltr'>F.</span> 
     </span>
     <span class='ocr_line' id='line_1_23' title="bbox 232 3923 669 4011; baseline 0 -22"><span class='ocrx_word' id='word_1_155' title='bbox 232 3926 296 3992; x_wconf 82' lang='lat' dir='ltr'>Ar.</span> <span class='ocrx_word' id='word_1_156' title='bbox 317 3923 433 3990; x_wconf 83' lang='lat' dir='ltr'>eadem</span> <span class='ocrx_word' id='word_1_157' title='bbox 453 3947 492 3990; x_wconf 82' lang='lat' dir='ltr'>uc</span> <span class='ocrx_word' id='word_1_158' title='bbox 510 3926 669 4011; x_wconf 88' lang='lat' dir='ltr'>priorum.</span> 
     </span>
     <span class='ocr_line' id='line_1_24' title="bbox 232 4027 670 4113; baseline -0.005 -20"><span class='ocrx_word' id='word_1_159' title='bbox 232 4027 334 4094; x_wconf 90' lang='lat' dir='ltr'>Num.</span> <span class='ocrx_word' id='word_1_160' title='bbox 353 4027 501 4113; x_wconf 84' lang='lat' dir='ltr'>bipollio.</span> <span class='ocrx_word' id='word_1_161' title='bbox 521 4050 670 4093; x_wconf 84' lang='lat' dir='ltr'>aeneum.</span> 
     </span>
     <span class='ocr_line' id='line_1_25' title="bbox 168 4130 654 4197; baseline 0 -2"><span class='ocrx_word' id='word_1_162' title='bbox 168 4130 214 4196; x_wconf 75' lang='grc'>*4.</span> <span class='ocrx_word' id='word_1_163' title='bbox 233 4131 331 4197; x_wconf 84' lang='lat' dir='ltr'>Adv.</span> <span class='ocrx_word' id='word_1_164' title='bbox 350 4130 478 4196; x_wconf 82' lang='lat' dir='ltr'>Eadem</span> <span class='ocrx_word' id='word_1_165' title='bbox 498 4153 536 4196; x_wconf 84' lang='lat' dir='ltr'>ae</span> <span class='ocrx_word' id='word_1_166' title='bbox 556 4130 654 4195; x_wconf 89' lang='lat' dir='ltr'>tertii.</span> 
     </span>
     <span class='ocr_line' id='line_1_26' title="bbox 231 4232 1385 4320; baseline 0.003 -22"><span class='ocrx_word' id='word_1_167' title='bbox 231 4236 294 4301; x_wconf 83' lang='lat' dir='ltr'>Ar.</span> <span class='ocrx_word' id='word_1_168' title='bbox 312 4244 350 4299; x_wconf 92' lang='lat' dir='ltr'>ut</span> <span class='ocrx_word' id='word_1_169' title='bbox 368 4233 473 4316; x_wconf 85' lang='lat' dir='ltr'>tertii,</span> <span class='ocrx_word' id='word_1_170' title='bbox 503 4233 634 4298; x_wconf 89' lang='lat' dir='ltr'>nonnisi</span> <span class='ocrx_word' id='word_1_171' title='bbox 658 4233 797 4319; x_wconf 86' lang='lat' dir='ltr'>rupibus</span> <span class='ocrx_word' id='word_1_172' title='bbox 823 4243 857 4298; x_wconf 90' lang='lat' dir='ltr'>et</span> <span class='ocrx_word' id='word_1_173' title='bbox 878 4232 1022 4299; x_wconf 88' lang='lat' dir='ltr'>nubibus</span> <span class='ocrx_word' id='word_1_174' title='bbox 1042 4233 1138 4299; x_wconf 82' lang='lat' dir='ltr'>aliter</span> <span class='ocrx_word' id='word_1_175' title='bbox 1156 4233 1331 4320; x_wconf 73' lang='lat' dir='ltr'>dispositis</span> <span class='ocrx_word' id='word_1_176' title='bbox 1351 4243 1385 4303; x_wconf 82' lang='lat' dir='ltr'>et</span> 
     </span>
     <span class='ocr_line' id='line_1_27' title="bbox 299 4335 1199 4423; baseline 0.002 -21"><span class='ocrx_word' id='word_1_177' title='bbox 299 4336 484 4422; x_wconf 88' lang='lat' dir='ltr'>inscript.</span> <span class='ocrx_word' id='word_1_178' title='bbox 505 4337 641 4423; x_wconf 86' lang='lat' dir='ltr'>exergi</span> <span class='ocrx_word' id='word_1_179' title='bbox 660 4344 800 4399; x_wconf 78' lang='lat' dir='ltr'>mutata:</span> <span class='ocrx_word' id='word_1_180' title='bbox 821 4335 962 4422; x_wconf 80' lang='lat' dir='ltr'>Semper</span> <span class='ocrx_word' id='word_1_181' title='bbox 979 4336 1085 4403; x_wconf 88' lang='lat' dir='ltr'>Idem.</span> <span class='ocrx_word' id='word_1_182' title='bbox 1107 4338 1199 4404; x_wconf 76' lang='grc'><strong>1762.</strong></span> 
     </span>
     <span class='ocr_line' id='line_1_28' title="bbox 232 4437 1069 4525; baseline 0.002 -19"><span class='ocrx_word' id='word_1_183' title='bbox 232 4438 333 4507; x_wconf 87' lang='lat' dir='ltr'>Num.</span> <span class='ocrx_word' id='word_1_184' title='bbox 351 4438 499 4525; x_wconf 87' lang='lat' dir='ltr'>bipollic.</span> <span class='ocrx_word' id='word_1_185' title='bbox 520 4462 659 4506; x_wconf 80' lang='lat' dir='ltr'>aeneum</span> <span class='ocrx_word' id='word_1_186' title='bbox 678 4438 882 4504; x_wconf 81' lang='lat' dir='ltr'>deauratum.</span> <span class='ocrx_word' id='word_1_187' title='bbox 899 4437 998 4509; x_wconf 85' lang='lat' dir='ltr'>Rud.</span> <span class='ocrx_word' id='word_1_188' title='bbox 1016 4441 1069 4508; x_wconf 88' lang='grc'>69.</span> 
     </span>
    </p>
   </div>
   <div class='ocr_carea' id='block_1_5' title="bbox 0 0 1623 5048">
    <p class='ocr_par' dir='ltr' id='par_1_9' title="bbox 0 0 1623 5048">
     <span class='ocr_line' id='line_1_29' title="bbox 0 0 1623 5048; baseline 0 0"><span class='ocrx_word' id='word_1_189' title='bbox 0 0 1623 5048; x_wconf 95' lang='lat' dir='ltr'> </span> 
     </span>
    </p>
   </div>
  </div>
 </body>
</html>
