3180 5048
701 314 954 485 μ...

239 507 409 596 LXVIII.
428 511 661 580 Eusrncmus
675 454 932 600 illinamus,
951 525 1048 584 natus
1068 517 1240 588 Bononiae
1258 520 1291 588 d.
1308 522 1363 590 20.
1384 523 1493 615 Sept.

395 616 487 699 1674,
519 615 659 681 donatus
690 614 722 683 d.
755 618 803 684 15.
833 619 932 685 Febr.
966 621 1061 699 1739;
1086 632 1295 691 astronomus
1322 628 1494 717 eximius,

399 727 514 784 auctor
531 720 673 784 instituti
693 721 907 786 scientiarum
930 723 1170 812 Bononiensis,
1195 732 1295 814 poeta
1317 734 1493 820 egregius

393 822 426 887 in
446 822 560 909 lingua
577 823 765 892 vernacula.
1324 905 1327 908 y

272 924 299 989 l.
320 922 415 991 Adv.
443 925 595 1011 Effigies.
625 926 754 994 Inscr.
783 928 996 995 Eustachius.
1024 929 1244 999 Manfredius.
1272 932 1359 1002 Bon.
1391 935 1493 1009 Phil.

395 1027 496 1095 Doet.

324 1130 387 1194 Ar.
407 1126 532 1195 Mulier
555 1130 689 1216 sedens,
714 1131 830 1197 dextra
854 1134 1025 1218 circinum,
1050 1137 1184 1203 sinistra
1206 1136 1343 1225 globum
1367 1142 1493 1210 coele·

394 1242 479 1297 stem
498 1242 626 1299 tenens.
646 1234 771 1301 Inscr.
791 1235 950 1302 Omnium
970 1237 1134 1325 Magistra
1151 1239 1332 1304 Virtutum.

326 1334 428 1401 Num.
447 1335 530 1418 2712
549 1337 659 1421 pellic.
680 1337 713 1400 in
732 1339 998 1425 nnmophylaceo
1017 1342 1110 1427 regio
1128 1341 1239 1407 Berol.
1261 1350 1379 1410 exstat.

272 1455 302 1520 2.
322 1454 417 1520 Adv.
435 1454 588 1541 Effigies.
607 1456 733 1523 Inscr.
751 1457 955 1524 Eustachius
970 1459 1178 1529 Manfredius
1190 1462 1319 1529 Bonon.
1339 1467 1490 1536 Astron.

393 1558 440 1622 Et
456 1556 620 1643 Hydrost.
1382 1633 1385 1637 ,

328 1664 391 1728 Av.
412 1666 554 1727 Astraea
577 1662 698 1729 sedens
724 1663 860 1728 sinistra
888 1662 1024 1748 globum
1053 1676 1185 1750 tenens,
1215 1666 1248 1731 in
1273 1687 1373 1752 quem
1406 1692 1490 1738 cum

394 1764 525 1850 virgula
557 1776 727 1832 monstrat.
763 1766 888 1832 Inscr.
927 1767 980 1832 Ad
1017 1768 1137 1835 Sidera·
1169 1768 1299 1834 Fertur.
1328 1768 1489 1862 Exerg.

398 1881 448 1930 ΦΡ.
462 1882 668 1930 ΒΑΡΑΤΤΙΝΟΣ
684 1882 836 1931 ΕΠΟΙΗΣΕ.

328 1971 427 2037 Num.
447 1973 514 2057 271,
535 1971 647 2059 pollic.
666 1972 864 2059 Ampach3
884 1998 913 2038 n.
936 1975 1028 2041 9751.

241 2092 375 2159 LXIX.
394 2094 626 2160 Beusmcrus
639 2094 846 2177 Bnnsonan,
866 2102 963 2159 natus
976 2094 1164 2159 Florentiae
1180 2094 1272 2177 1658,
1290 2093 1320 2160 6.
1336 2095 1385 2162 12.
1398 2096 1490 2185 Jol„

395 2196 535 2262 donatus
555 2196 677 2261 ibidem
699 2197 729 2263 d.
754 2198 804 2264 21.
828 2195 945 2264 Octbr.
964 2197 1124 2275 on.1740;
1145 2196 1194 2260 vir
1210 2195 1387 2281 multiplici
1407 2222 1490 2268 eru-

397 2299 524 2364 ditione
544 2299 977 2384 insignis,mathematicus,
997 2299 1147 2364 medicus
1167 2307 1228 2364 cto.

277 2418 304 2484 1.
325 2418 423 2483 Adv.
441 2418 593 2504 Effigies.
613 2418 739 2484 Inscr.
757 2419 963 2485 Benedictus
980 2419 1154 2485 Bresciani
1171 2418 1201 2483 F
1204 2418 1262 2483 lor.
1287 2418 1377 2486 1725.

327 2523 391 2585 Ar.
415 2519 642 2606 Philosophus
672 2521 759 2583 inter
787 2532 983 2606 apparatum
1004 2521 1272 2586 anathematicum
1296 2531 1329 2586 et
1353 2520 1489 2592 chemi-

397 2644 482 2686 cum.
503 2621 632 2688 Inscr.
651 2621 746 2686 llaec
765 2622 887 2706 Docet,
906 2623 970 2687 Illa
987 2623 1123 2688 Probat.

327 2741 428 2807 Num.
447 2743 467 2806 3
485 2742 597 2828 pollio.
618 2741 739 2810 Maza.
763 2743 812 2826 ΙΙ,
830 2766 863 2829 p.
884 2741 958 2826 318,
977 2742 1044 2808 tab.
1067 2743 1137 2825 178,
1156 2766 1187 2810 n.
1207 2742 1236 2810 2.
1254 2742 1352 2810 Rud.
1374 2747 1450 2814 102.

260 2845 307 2910 ⁴2.
325 2842 422 2910 Adv.
441 2845 574 2930 prioris,

328 2953 391 3013 Av.
411 2947 572 3013 Mulieres
593 2948 689 3032 duae,
716 2947 968 3034 Philosophiam
993 2959 1026 3015 et
1048 2948 1217 3017 Mathesin
1241 2949 1489 3040 significantes,

397 3052 484 3117 inter
512 3052 616 3117 libros
647 3062 680 3117 et
704 3062 900 3138 apparatum
923 3051 1202 3118 mathematicum.
1230 3052 1355 3118 Inscr.
1384 3053 1490 3124 Haeo

397 3154 519 3238 Docet,
538 3155 602 3220 Illa
618 3154 753 3221 Probat.

329 3256 429 3324 Num.
449 3257 469 3321 3
488 3257 598 3343 pollio.
618 3280 766 3321 aeneum.
783 3255 879 3322 Rud.
901 3256 970 3323 103.

244 3377 360 3442 LXX.
379 3378 566 3444 Jossruus
587 3378 713 3460 00001,
732 3385 828 3441 natus
851 3376 989 3440 Parmae
1009 3399 1058 3440 an.
1085 3376 1178 3457 1663,
1198 3376 1337 3442 denatus
1359 3377 1395 3441 in
1418 3378 1488 3445 Hi-

398 3482 517 3569 spania
540 3481 570 3545 d.
590 3481 641 3545 25.
659 3480 737 3546 Jan.
761 3479 851 3562 1748,
876 3478 1039 3543 archiater
1057 3478 1208 3563 Philippi
1227 3478 1269 3544 V.

313 3585 427 3652 ‘Adia
446 3586 599 3673 Effigies.
619 3585 743 3649 Inscr.
763 3581 904 3668 Joseph.
930 3581 1039 3648 Cervi.
1065 3581 1191 3665 Eques.
1216 3581 1325 3645 Parm.
1349 3577 1490 3667 Regum

397 3689 539 3774 Hispan.
561 3687 737 3753 Archiater
755 3687 801 3751 Et
821 3684 947 3752 Consil.

330 3795 394 3857 Au.
414 3792 559 3873 sertum,
578 3792 612 3854 in
632 3814 698 3876 quo
721 3789 806 3854 dirae
829 3810 971 3853 coronae
991 3787 1101 3873 regiae
1127 3809 1229 3871 supra
1252 3786 1378 3851 turrim.
1402 3786 1489 3854 Ex-

399 3916 477 3978 crg.
496 3891 607 3978 Reges
626 3893 846 3979 Regnumque
865 3889 1002 3954 Tuetur.
1021 3889 1150 3952 Infra:
1171 3889 1214 3954 O.
1232 3889 1448 3975 H(ameran).

330 3992 430 4060 Num.
454 3995 518 4076 2¹s2
537 3994 648 4078 pollio.
668 4018 817 4061 aeneum.
837 3993 959 4058 Mazz.
978 3991 1026 4073 Π,
1051 4014 1086 4076 p.
1105 3992 1178 4074 358,
1203 3990 1270 4056 tab.
1299 3991 1369 4074 188,
1393 4013 1427 4058 n.
1454 3995 1487 4063 l.

400 4093 498 4159 Rud.
521 4096 590 4160 133.

246 4213 380 4280 LXXI.
398 4213 594 4280 Hnaoonns
619 4216 789 4300 Lunum,
818 4226 915 4283 natus
938 4215 1111 4281 Bononiae
1141 4238 1191 4280 an.
1218 4215 1315 4298 1762,
1342 4213 1489 4286 donatus

400 4314 527 4381 Romae
546 4317 577 4382 d.
601 4319 630 4384 7.
656 4319 755 4385 Mart.
783 4319 878 4396 1766;
904 4318 1043 4383 eximius
1061 4318 1096 4383 in
1118 4340 1227 4405 gypso
1248 4321 1489 4390 000000001-
