3180 5048
762 379 833 451 155

263 580 365 653 Nam.
379 581 464 667 ΠΛ,
474 580 589 669 pollio.
601 604 750 649 aeneum.
762 581 834 647 Am
840 603 873 666 p.
880 579 974 645 9556.
985 576 1083 645 uua.
1090 575 1162 643 285.
1174 573 1312 661 Depiot.
1324 570 1414 659 apud

331 685 508 773 Rfippell
525 684 547 755 Ι.
567 708 595 753 r.
613 684 679 751 tab.
697 684 765 767 111,
783 708 815 751 n.
834 690 864 749 2.

204 790 247 861 ‘a
266 789 364 859 Adv.
383 788 534 877 Insignis
551 789 643 855 urbis
660 786 965 870 Franoofurtensis,
982 784 1092 871 aquila
1110 782 1181 850 soil.

260 896 327 961 Ar.
343 893 396 960 Zu
416 892 579 962 Goethe's
602 890 906 978 Hundertjiahriger
925 888 1167 956 Geburtsfeier.
1192 889 1258 953 Am
1281 885 1322 951 28
1343 888 1413 951 rtu-

331 1006 412 1085 gunt
431 998 523 1063 1849.
542 996 582 1063 Ιιι
598 997 673 1083 ipso
692 995 854 1083 margine:
874 994 976 1081 Zwey
997 992 1143 1061 Gulden.

262 1102 396 1169 Numan
420 1100 560 1168 duorum
584 1100 785 1165 florenorum
809 1098 952 1184 pretium
977 1096 1103 1163 habens
1127 1095 1168 1161 ab
1191 1093 1273 1160 urbe
1292 1096 1413 1180 poetae

190 1278 193 1283 ,
329 1205 440 1292 patria
466 1205 542 1292 ipso
577 1204 631 1271 die
670 1203 772 1269 natali
806 1202 914 1269 editus
944 1210 1005 1268 est.
1051 1198 1216 1267 Koehne
1249 1195 1412 1263 zeitschr.

334 1308 427 1392 1851,
446 1331 479 1395 p.
495 1309 547 1375 94.

174 1410 244 1483 *19
261 1410 361 1483 Adv.
383 1410 542 1499 Effigies,
571 1422 609 1479 ut
626 1435 657 1479 n.
675 1412 712 1496 4,
742 1410 804 1479 sub
830 1434 910 1497 qua:
934 1411 976 1477 A.
995 1409 1092 1497 Bovy
1114 1408 1155 1477 F.
1176 1406 1268 1473 1831.
1286 1406 1413 1473 Insor.

329 1515 353 1583 J
356 1564 366 1583 .
383 1514 513 1603 Wolfg.
532 1514 687 1585 Goethe.·

260 1619 325 1688 Ar.
345 1620 459 1707 Caput
480 1620 560 1687 Jani
583 1643 685 1706 supra
710 1628 812 1707 eaput
840 1618 946 1685 leonis
976 1617 1144 1703 rudentis,
1173 1617 1260 1683 inter
1289 1638 1415 1684 cornua

334 1724 464 1811 copiae,
482 1724 516 1790 in
534 1746 664 1791 summo
682 1746 778 1789 areae
797 1723 917 1809 aquila.

259 1824 361 1897 Num.
386 1828 444 1911 t¹la
468 1826 581 1915 pollio.
605 1850 754 1893 aeneum.
787 1827 827 1892 In
856 1826 1054 1893 collectione
1085 1826 1267 1893 lectissima
1295 1825 1357 1891 cel.
1372 1825 1412 1891 Β.

329 1929 581 1999 Friedlaenderi
600 1930 808 1996 involucrum
831 1930 993 2016 epistolae
1013 1928 1234 2013 Goethianae,
1253 1932 1349 2017 eujus
1367 1930 1413 1997 si-

333 2033 449 2123 gillum
478 2057 575 2101 areas
604 2056 739 2101 aversae
769 2034 947 2121 imaginem
977 2032 1127 2115 exhibet,
1156 2032 1286 2118 quade
1311 2056 1413 2101 causa

329 2148 515 2204 commotus
529 2138 590 2203 cel.
609 2136 660 2202 vir
679 2139 872 2223 conjectura
890 2148 1081 2223 auguratur,
1101 2135 1285 2203 Goethium
1303 2138 1413 2224 ipsum

327 2239 428 2329 hujus
446 2240 533 2329 signi
553 2250 703 2307 autorem
722 2264 805 2309 esse.
824 2240 956 2307 Aversa
975 2238 1109 2326 depicta
1127 2239 1218 2326 apud
1236 2238 1408 2327 Rrippell

326 2342 350 2411 l.
368 2366 397 2411 o.
419 2343 488 2411 tab.
507 2344 573 2429 111,
591 2368 623 2409 ιι.
646 2346 682 2408 1⁰·

181 2444 244 2515 *11.
260 2446 515 2535 AdvAEffigies
532 2448 691 2533 laureata,
709 2448 743 2512 in
763 2448 858 2533 eujus
879 2446 966 2513 basi:
985 2446 1024 2512 F.
1037 2446 1172 2531 Koenig
1182 2447 1234 2530 F,
1250 2446 1312 2513 sub
1329 2470 1410 2534 qua:

330 2548 374 2619 G.
394 2550 485 2619 [roos
514 2550 588 2619 Dir.
617 2550 744 2617 lusor.
774 2550 830 2617 do.
853 2549 910 2619 W.
941 2550 995 2616 Do
1027 2548 1160 2616 Goothe
1197 2550 1275 2617 Nat.
1303 2550 1348 2617 D.
1372 2550 1413 2616 28

328 2653 418 2743 Aug.
438 2654 531 2721 1749.

258 2757 324 2826 Ar.
354 2756 495 2846 Cygnus
525 2756 709 2826 Gosthium
736 2758 843 2846 lyram
877 2766 1047 2825 tenentem
1080 2758 1123 2823 ad
1156 2767 1247 2826 astra
1279 2758 1411 2825 tollens.

327 2860 455 2931 Inter.
471 2861 528 2929 Ad
546 2862 650 2929 Astra
663 2860 780 2929 Rediit
797 2862 841 2929 D.
860 2862 902 2928 22
920 2862 1022 2929 Mart.
1039 2864 1131 2929 1832.

259 2962 360 3031 Num.
382 2962 448 3051 l²l3
466 2964 580 3051 pollio.
603 2988 753 3031 aeneum.
772 2966 908 3052 Depiot.
928 2966 1017 3053 apud
1040 2965 1219 3053 Riippoll
1247 2965 1268 3032 Ι.
1293 2988 1321 3032 c.
1344 2965 1411 3032 tab.

327 3065 394 3153 ΙΙΙ,
413 3092 445 3138 ιι.
462 3070 495 3134 5.
512 3068 762 3156 Kluyskens,
781 3068 809 3150 I,
829 3070 901 3134 365.

174 3162 245 3235 ¹⁸12.
263 3169 360 3238 Adr.
388 3170 550 3259 Effigies,
576 3168 639 3237 sub
670 3194 750 3258 qua:
786 3172 844 3240 W.
866 3172 1022 3240 Kullrich
1048 3174 1087 3241 F.
1111 3173 1236 3241 Insor.
1267 3172 1411 3240 Goethe.

329 3272 417 3345 Gob.
436 3277 478 3342 ‘28
496 3277 585 3363 Aug.
607 3276 698 3341 1749.
719 3275 815 3343 Gest.
834 3277 876 3343 22
894 3277 1011 3344 Maerz
1031 3278 1124 3343 1832.

257 3378 322 3445 Ar.
341 3376 477 3446 Corona
494 3378 664 3465 quercina,
683 3380 717 3445 in
736 3403 802 3465 qua
819 3380 935 3447 verba:
951 3380 1019 3446 Zur
1037 3381 1249 3467 Erinneruug
1261 3382 1316 3446 Au
1335 3380 1411 3447 Den

325 3482 368 3549 28
385 3484 521 3569 August
544 3482 634 3549 1849.

257 3584 358 3653 Num.
378 3584 463 3669 l⁸l,2
481 3584 594 3672 pollio.
616 3608 764 3653 aeneum.

199 3684 242 3755 13.
257 3688 300 3756 Iu
318 3686 502 3773 „Goatbe’s
518 3689 882 3776 Kunstsamrnlungen“
901 3690 948 3774 ΙΙ,
968 3714 999 3758 ιι.
1021 3691 1103 3755 1450
1123 3690 1283 3759 iconisma
1301 3692 1412 3758 fusum

331 3791 532 3860 describitur
546 3792 757 3877 uuilaterale,
777 3793 921 3880 effigiem
939 3798 1058 3881 poeitae
1078 3794 1226 3860 adextra
1242 3795 1413 3882 oxiribens,

324 3920 347 3963 a
361 3903 458 3984 tergo
477 3897 658 3984 tripodem,
676 3898 710 3963 in
728 3899 838 3963 fronto
857 3920 983 3963 ramum
1003 3897 1177 3984 laurinum,
1195 3901 1217 3964 4
1235 3900 1348 3986 pollio.

183 3990 377 4069 CCCCXV.
401 4000 627 4069 chtscus
649 4020 696 4065 mr
714 4000 831 4086 Zion,
857 4010 953 4067 natus
973 4000 1101 4068 Pestini
1124 4025 1210 4069 anno
1232 4003 1329 4089 1754,
1354 4003 1412 4070 de-

324 4110 422 4170 natus
442 4126 529 4170 anuo
551 4104 647 4183 1832;
667 4112 878 4170 astronomus
899 4104 1144 4173 celeberrimus.

240 4202 355 4271 ·Adv.
377 4204 492 4290 Libri,
525 4215 659 4273 sextans
690 4229 765 4273 oum
796 4206 990 4293 perspicillo
1022 4218 1084 4273 ete.
1115 4209 1238 4277 Inscr.
1261 4209 1311 4277 Ut
1328 4209 1411 4278 Tuis

326 4305 426 4376 Curis
447 4308 566 4396 Adjuti
585 4307 766 4376 Gaudeant
784 4310 927 4376 Posteri.
946 4310 1091 4399 Exerg.
1109 4312 1180 4379 Diu
1197 4311 1312 4379 Vivas.

255 4410 321 4479 Ar.
336 4410 503 4485 Votorum
522 4412 698 4481 Illustriss.
718 4412 800 4481 Viro
821 4414 1004 4483 Francisoo
1021 4414 1077 4483 De
1094 4414 1197 4485 Zaoh.
1213 4416 1281 4485 Die
1298 4416 1412 4485 Natali
