3180 5048
768 389 810 460 11

687 487 891 501 ῃ·-

328 584 566 653 Tiraboschi
590 587 714 672 (storia
734 586 824 652 della
845 588 1015 654 literatura
1035 589 1185 674 italiana,
1203 589 1271 676 VI,
1290 614 1323 678 p.
1340 592 1404 659 380

330 711 403 774 sqq.
424 689 503 755 edit.
521 690 669 756 Florent.
691 691 789 776 1806)
808 691 973 757 refutavit.

258 790 355 856 Adv.
377 791 531 878 Effigies.
554 792 677 857 lusor.
701 791 878 859 Galeottus
902 794 1045 860 Martius
1068 795 1174 860 Poeta
1198 794 1303 863 Clars.
1328 798 1402 863 Ma-

328 893 527 961 thematicus
544 895 591 959 Et
610 893 742 960 Orator.
1229 966 1235 980 ι

257 998 321 1064 Ar.
341 996 520 1081 Scrinium,
538 999 572 1062 in
592 1021 658 1083 quo
671 997 879 1085 horologium
898 1000 1083 1064 arenarium
1103 1008 1137 1065 et
1146 1000 1233 1083 libri,
1246 1002 1403 1088 quodque

328 1100 545 1186 inscriptione
565 1099 802 1165 circumdatur:
826 1099 992 1186 Superata
1008 1101 1123 1167 Tellus
1144 1101 1263 1168 Sidera
1280 1104 1402 1170 Donat.

329 1202 420 1267 Peri
426 1226 479 1289 gr.
491 1201 870 1269 Nascentes.Morimur.
882 1203 1036 1288 FinisQ.
1049 1204 1103 1270 Ab
1112 1204 1251 1291 Origine
1264 1206 1403 1274 Pendet.

259 1304 360 1372 Num.
379 1305 524 1392 4pollio.
543 1305 665 1371 Manz.
684 1305 713 1388 l,
733 1330 765 1391 p.
787 1305 857 1389 131,
876 1306 1007 1389 111128,
1026 1330 1057 1372 u.
1073 1308 1100 1372 l.
1112 1307 1216 1372 Aliud
1234 1309 1404 1395 specimen

325 1408 360 1472 in
378 1408 579 1473 numotheoa
596 1409 687 1494 regia
704 1408 853 1473 Berolini
871 1407 955 1491 vidi,
976 1409 1066 1494 quod
1086 1433 1124 1475 eo
1144 1410 1251 1476 solum
1271 1433 1290 1474 a
1307 1435 1404 1497 prae-

329 1511 468 1577 cedente
486 1510 607 1595 differt,
627 1511 717 1597 quod
736 1512 769 1575 in
788 1511 928 1577 adversa
944 1521 1045 1598 caput
1059 1512 1244 1578 laureatum
1256 1514 1404 1600 sistatur,

326 1623 360 1678 et
377 1612 604 1701 magnitudine
621 1623 688 1679 tres
708 1613 847 1699 pollices
865 1637 932 1677 non
951 1623 1096 1699 superet.

173 1713 328 1782 XXVII.
346 1716 491 1782 Puruus
509 1718 682 1781 Auoanas
696 1717 952 1800 MarrnrotuS,
972 1726 1067 1782 natus
1087 1716 1118 1781 d.
1132 1719 1182 1783 23.
1195 1717 1296 1784 Mart.
1311 1720 1403 1803 1500,

328 1818 467 1885 donatus
493 1819 590 1902 1577,
620 1818 795 1902 Senensis,
825 1818 1036 1886 Dioscoridis
1066 1830 1306 1888 commentator
1333 1822 1404 1888 lau·

328 1920 529 1988 (latissimus.

243 2022 356 2088 *Aua
374 2024 527 2111 Effigies,
547 2025 608 2091 sub
622 2047 701 2110 qua:
718 2025 807 2090 1565.
826 2025 950 2091 Inscr.
963 2024 1055 2090 Petri
1067 2024 1223 2091 Andreae
1235 2026 1405 2092 Matthioli

328 2125 480 2213 Effigies.

259 2227 323 2291 Av.
340 2228 511 2311 Annulus,
534 2252 594 2315 per
618 2251 716 2313 quem
739 2229 894 2314 bipennis
919 2237 952 2291 ot
969 2228 1023 2291 fax
1043 2250 1184 2293 accensa
1202 2227 1405 2295 decussatim

243 2405 250 2418 ι
330 2328 463 2408 ductae;
488 2331 576 2395 circa
593 2329 676 2395 haec
694 2330 809 2413 fascia,
834 2330 886 2394 oui
909 2329 1013 2394 verba
1032 2330 1193 2417 inscripta
1211 2341 1302 2397 sunt:
1333 2332 1404 2399 Che

308 2424 380 2496 ¹Ne
399 2431 492 2496 Foco
511 2431 564 2496 Ne
583 2432 686 2497 Porro
705 2433 737 2496 A
755 2430 857 2496 Virtu
875 2431 1004 2496 Nuoce.

259 2531 418 2620 Ectypon
441 2534 634 2620 plumbeum
658 2533 827 2618 adversae,
855 2533 914 2619 ¹¹l2
934 2533 1044 2620 pollio.
1075 2533 1279 2601 Oberthrir
1299 2560 1333 2622 p.
1351 2536 1404 2621 83,

327 2659 358 2701 n.
377 2639 450 2703 355.
479 2636 575 2703 Rud.
593 2638 667 2703 433.

173 2736 347 2804 XXVIII.
365 2740 518 2805 Tuouns
530 2740 710 2823 Rauooru,
730 2741 866 2827 proprio
883 2740 1015 2806 nomine
1028 2740 1197 2806 Tomaso
1211 2739 1406 2808 Gianozzi

326 2850 475 2925 vocatus,
499 2864 519 2906 a
537 2844 657 2907 comite
677 2842 835 2908 Guidone
852 2843 1015 2929 Rangone
1034 2842 1236 2928 gratitudine
1260 2866 1405 2909 commo·

325 2954 379 3012 tus
409 2966 530 3011 nomen
558 2945 691 3023 sumsit3
725 2944 922 3031 Philologus
950 2944 1127 3010 Ravennae
1157 2945 1256 3009 etiam
1286 2944 1404 3012 dictus.

325 3047 452 3117 Munus
487 3045 685 3113 medicinam
719 3046 862 3113 docendi
895 3047 1025 3112 Patavii
1057 3048 1221 3135 suscepit,
1255 3048 1404 3115 medicus

326 3150 494 3234 practicus
515 3174 565 3236 eo,
586 3174 652 3237 quo
664 3151 756 3235 vixit,
768 3159 920 3236 tempore
933 3149 1182 3229 celeberrimus3
1200 3158 1297 3219 natus
1312 3151 1404 3236 1493,

327 3253 411 3319 obiit
429 3254 521 3320 1577.

192 3354 241 3419 ’1.
260 3353 359 3421 Adv.
378 3355 530 3443 Effigies.
548 3355 672 3423 Inscr.
690 3355 847 3422 Thomas.
867 3354 1074 3440 Philologus.
1092 3353 1280 3421 Ravennas.

255 3457 324 3520 Av.
342 3457 437 3524 Deus
459 3459 495 3523 in
516 3458 661 3524 nubibus
685 3457 820 3523 brachia
844 3456 993 3522 extendit
1015 3479 1117 3541 super
1138 3456 1310 3521 mulierem
1326 3456 1405 3522 bovi

326 3567 450 3624 sertum
468 3560 704 3646 imponentem.
722 3561 846 3624 Inscr.
858 3559 991 3623 Virtute
1004 3558 1106 3621 Parta
1118 3557 1192 3621 Deo
1204 3556 1251 3621 Et
1261 3556 1405 3623 Labore.

256 3658 357 3724 Num.
381 3662 401 3724 2
421 3660 534 3745 pollio.
558 3684 696 3725 aeneum
720 3661 900 3746 egregium.
925 3660 1047 3724 Maza.
1066 3658 1100 3741 I,
1119 3681 1152 3743 p.
1169 3657 1247 3741 301,
1261 3659 1333 3724 tab.
1351 3660 1404 3744 65,

325 3762 616 3828 1131113543.

204 3864 350 3929 11111.
380 3864 512 3930 nonnisi
535 3864 787 3951 inscriptionem
816 3864 1005 3928 continens:
1033 3861 1180 3928 Thomas
1208 3862 1404 3950 Philologus

322 3966 498 4034 Ravennas
510 3968 665 4034 Phisicus
677 3967 744 4034 Ere
757 3967 899 4052 Proprie
913 3966 1071 4033 Construi
1088 3966 1186 4032 Fecit
1198 3968 1298 4032 Anno
1313 3968 1404 4033 1554.

253 4070 322 4136 Av.
351 4070 504 4137 Ducatus
532 4070 645 4137 Incliti
676 4070 824 4155 Princip.
856 4068 1063 4134 Venetorum
1097 4068 1270 4134 Laurentii
1299 4070 1404 4136 Prioli

323 4171 441 4238 Bume.
460 4172 559 4238 Anno
576 4173 604 4238 I.
1172 4175 1177 4184 ’

253 4273 353 4341 Num.
380 4275 595 4361 1⁸!„pollic
623 4275 658 4341 in
681 4275 802 4341 Museo
831 4274 923 4361 regio
952 4274 1099 4340 Berolin.
1122 4274 1201 4341 vidi.
1225 4314 1267 4325 -
1290 4275 1400 4342 Aliam

232 4398 238 4409 ’
324 4400 459 4445 aversae
487 4376 737 4469 inscriptionem
767 4378 825 4445 dat
853 4378 974 4444 Maza.
1004 4378 1025 4446 l.
1044 4401 1073 4445 c.
1090 4402 1123 4443 n.
1141 4378 1190 4463 4.,
1213 4400 1298 4464 quae
1326 4378 1402 4447 loco
