3180 5048
682 379 887 496 Q

318 579 408 648 Peut
418 580 470 648 Le
484 581 602 650 Genie.
621 583 765 671 Exerg.
778 582 939 650 Medaille
950 583 1076 671 Frepp.
1091 582 1148 651 En
1160 583 1271 653 Vertu
1282 581 1416 651 D’Une

320 685 506 773 Soueeript.
531 686 627 752 Feite
645 690 678 753 A
695 686 795 774 Lyon
824 687 892 753 Per
920 687 989 753 Les
1015 686 1117 755 Soine
1146 686 1201 753 De
1225 686 1276 754 M.
1295 685 1416 753 thet

318 788 443 855 Ecuier
462 788 530 858 Off.
545 789 599 855 De
618 789 794 857 Monsieur
810 791 914 857 Frere
932 789 992 856 Du
1008 789 1084 859 Rei.

249 891 681 960 Av.1neer.L'A6rostat
705 892 848 959 Nomine
877 893 927 959 he
951 893 1005 959 De
1027 892 1209 961 Flessellee
1227 932 1270 943 —
1293 893 1348 960 Le
1371 894 1413 960 19

253 1097 354 1166 Num.
372 1100 439 1184 l¹l2
458 1099 570 1186 pollio.
591 1122 741 1167 aeneum.
759 1098 858 1165 Rud.
876 1099 949 1165 460.

189 1200 237 1270 ⁸5.
256 1200 354 1269 Adv.
371 1202 530 1290 Effigies,
549 1203 635 1269 infra
656 1227 769 1289 quam:
790 1203 906 1288 Caque
925 1202 963 1268 F.
982 1203 1108 1270 Inser.
1126 1202 1271 1271 Etienne
1290 1203 1413 1270 Mont-

323 1305 451 1392 golfier.

252 1410 316 1476 Av.
334 1407 388 1475 Ne
407 1411 440 1475 A
458 1407 606 1476 vidalon
635 1408 719 1475 Pres
738 1409 906 1496 Annonay
928 1408 983 1474 En
1004 1409 1096 1475 1745.
1116 1408 1211 1476 Mort
1236 1409 1293 1475 En
1312 1410 1413 1478 1799.

323 1510 459 1579 (ὶιΙετὶο
478 1511 677 1598 Metallique
695 1511 768 1580 Dee
786 1512 923 1580 Grande
941 1512 1104 1579 Hommee
1122 1511 1293 1597 Freneaie.
1314 1514 1415 1579 1821.
1439 1592 1446 1601 ,

254 1613 356 1682 Num.
376 1613 572 1702 1¹s‚p011i0.
592 1638 741 1681 aeneum.
760 1614 853 1681 Rud.
871 1616 944 1682 461.

165 1717 264 1785 VIII.
299 1718 524 1786 Pnincmcus
542 1716 793 1802 Zfflsseccem,
812 1718 972 1803 Comes,
1000 1718 1174 1785 Bononiae
1196 1718 1277 1784 1756
1296 1728 1413 1805 natus,

319 1822 353 1887 in
371 1820 558 1908 Hispaniae
581 1820 688 1887 classe
712 1820 880 1907 stipendia
902 1821 1037 1905 meruit,
1067 1831 1102 1888 et
1119 1821 1197 1888 dein
1216 1844 1258 1889 ex
1275 1820 1412 1889 Turea⁴

320 1948 409 2010 rum,
432 1925 466 1991 in
486 1947 585 2011 quem
608 1923 787 2008 inciderat,
812 1924 1004 2011 captivitate
1028 1924 1187 1992 liberatus
1211 1925 1246 1991 in
1265 1924 1415 1994 Oriente

323 2037 358 2094 et
376 2028 491 2095 Africa
508 2029 572 2094 iter
589 2028 679 2096 fecit.
707 2026 829 2093 Redux
846 2027 913 2110 vir,
944 2027 1001 2113 qui
1019 2027 1168 2095 scientiis
1191 2051 1323 2096 summo
1342 2030 1416 2097 fer-

324 2156 404 2199 vore
440 2131 594 2217 vacabat,
636 2130 806 2198 machinas
847 2130 1063 2198 aetostatioae
1103 2130 1204 2199 ramis
1240 2130 1417 2221 dirigendi

319 2236 431 2303 ideam
460 2235 565 2324 cepit,
596 2257 695 2321 quam
724 2242 874 2321 tempore
904 2235 1069 2301 contrario
1097 2235 1236 2321 exsequi
1260 2243 1417 2330 tentans,

322 2339 476 2407 machine
493 2362 514 2404 e
530 2337 671 2404 flammis
688 2346 845 2425 correpta
860 2336 891 2403 d.
912 2338 964 2403 21.
983 2336 1079 2425 Sept.
1100 2338 1183 2404 1812
1199 2338 1311 2426 periit.

235 2443 351 2511 ⁸Adv.
370 2442 530 2531 Effigies,
559 2441 622 2509 eub
647 2462 727 2526 que:
756 2440 795 2506 P.
815 2439 1014 2528 T(adolini).
1041 2441 1169 2511 Ineor.
1191 2440 1417 2512 Franciseus.

320 2545 588 2612 Zambeceariue.
606 2544 810 2609 Aeroneuta.

252 2651 316 2718 Av.
336 2650 464 2717 Inser.
482 2647 657 2714 Periculis.
676 2646 811 2712 Factus.
829 2647 1033 2713 Animosior.

253 2752 355 2821 Num.
374 2754 395 2819 2
412 2751 526 2840 pollio.
545 2759 691 2838 ectypon
709 2748 833 2816 malum
850 2751 972 2817 fusum.
990 2749 1088 2817 Rud.
1107 2775 1141 2838 p.
1160 2750 1229 2818 175.
