3180 5048
797 438 835 483 VI

715 510 917 521 ————--

300 610 355 684 Ac
367 608 523 709 primum
541 610 688 708 quidem
708 636 819 709 quum
836 612 881 683 de
903 611 1032 684 ordine
1051 610 1088 683 in
1108 621 1184 685 toto
1205 637 1316 709 opere
1332 610 1434 684 adhi-

197 729 318 803 bendo
343 729 558 829 cogitarem,
583 732 628 803 ad
654 758 802 820 annum,
827 758 898 829 quo
920 730 1000 820 viri,
1025 733 1069 804 dc
1094 731 1227 829 quibus
1253 733 1433 830 agitur‚e

198 849 276 925 vita
293 851 536 940 excesserint,
557 850 678 924 omnia
701 853 777 925 fere
798 851 1025 951 disponenda
1044 877 1122 926 esse
1147 850 1329 939 intellexi3
1362 865 1434 926 ete·

198 971 271 1044 nim
303 971 401 1046 hunc
424 998 559 1072 aunum
585 984 621 1044 et
652 972 798 1070 saepius
830 972 925 1045 inter
950 997 1075 1045 omnes
1095 984 1260 1046 constare
1285 988 1322 1044 et
1351 987 1436 1071 post

203 1105 357 1167 mortem
378 1092 449 1166 viri
469 1092 723 1167 auctoritatem
742 1095 996 1190 actionemque
1015 1118 1156 1167 cessare
1176 1104 1336 1191 apparet.
1373 1097 1436 1166 At-

197 1226 317 1287 tamen
351 1214 387 1286 in
414 1213 573 1310 jectonis
598 1213 854 1286 enumerandis
879 1240 951 1286 non
988 1215 1140 1286 earrdem
1162 1213 1257 1286 viam
1291 1226 1435 1287 secutus

197 1360 294 1422 sum3
315 1333 447 1431 quibus
462 1360 483 1405 a
498 1332 647 1432 reliquis
666 1332 843 1432 separatis
859 1335 1066 1425 decanatus
1087 1360 1159 1431 quo
1175 1332 1288 1407 functi
1304 1349 1435 1423 essent,

184 1480 316 1528 -annus
340 1451 460 1553 aptior
480 1453 690 1544 videbatur,
717 1454 779 1551 qui
797 1454 1053 1554 respiceretur.
1084 1455 1168 1526 dam
1189 1454 1287 1551 quod
1309 1455 1355 1526 ad
1376 1481 1437 1526 na-

198 1575 314 1650 tiones
329 1573 498 1672 pertinet,
518 1600 540 1645 a
554 1573 685 1671 quibus
702 1573 833 1648 medici
848 1573 1026 1673 originem
1048 1568 1252 1663 traxerunt,
1271 1572 1342 1647 loci
1362 1600 1436 1671 quo

198 1695 322 1770 sedem
344 1720 386 1768 ac
406 1693 630 1767 domicilium
651 1693 938 1782 collocaverant,
967 1694 1060 1769 ratio
1086 1712 1140 1768 est
1166 1693 1304 1767 habita:
1339 1696 1436 1792 qnod

198 1827 240 1890 ut
252 1815 425 1905 facerem,
444 1812 610 1912 inprimis
626 1812 725 1887 Slavi
741 1839 798 1886 me
820 1813 1053 1914 impulerunt,
1069 1840 1224 1913 quorum
1241 1841 1313 1887 non
1331 1815 1437 1912 [rauci

199 1963 222 2010 a
240 1932 444 2035 peregrinis
465 1932 673 2007 nationibus
699 1932 845 2007 oriundi
869 1932 952 2008 sint.
996 1934 1138 2011 indices
1164 1934 1321 2032 denique
1344 1933 1438 2008 libro

199 2054 313 2130 additi
333 2067 371 2129 et
390 2054 613 2129 medicorum
634 2053 944 2154 physicorumque
959 2054 1106 2129 nomina
1124 2054 1311 2129 continent
1325 2067 1361 2129 et
1374 2083 1431 2128 ar·

200 2175 353 2267 tificum,
371 2174 538 2274 aquibus
558 2172 775 2248 numismata
789 2175 956 2250 confecta
974 2188 1075 2266 sunt3
1094 2175 1271 2249 librorum
1287 2199 1433 2274 quoque

199 2299 245 2372 ad
265 2297 329 2370 has
348 2322 405 2370 res
424 2295 685 2395 pertinentium
705 2295 841 2370 mentio
861 2322 932 2369 non
954 2309 1008 2371 est
1026 2296 1204 2398 neglecta.

304 2416 411 2490 Duae
430 2430 552 2491 tamen
572 2441 629 2489 res
649 2439 745 2508 sunt,
769 2417 805 2489 in
826 2417 959 2514 quibus
978 2416 1216 2493 excusatione
1235 2443 1307 2489 non
1328 2416 1434 2492 facile

199 2537 468 2637 supersedeam.
489 2533 616 2632 Neque
637 2535 731 2608 enim
752 2535 788 2607 in
809 2535 1036 2609 numismatis
1050 2564 1072 2608 a
1087 2563 1143 2609 me
1164 2536 1243 2635 ipso
1259 2565 1332 2611 non
1348 2537 1435 2612 visis

199 2659 265 2734 sed
284 2656 439 2731 aliorum
458 2667 599 2730 tantum
620 2653 865 2754 descriptione
884 2654 1039 2754 cognitis
1060 2682 1175 2729 meam
1203 2656 1435 2758 interponere

199 2779 310 2853 fidem
330 2776 450 2878 potui,
479 2776 735 2875 (quamobrem
760 2786 898 2849 tantum
926 2800 1052 2848 eorum
1078 2777 1263 2852 metallum
1290 2779 1435 2853 nomine

201 2899 298 2991 dixi,
331 2923 425 2997 quae
455 2911 496 2971 ut
515 2922 595 2971 mea
618 2922 696 2970 esse
716 2894 958 2970 animadverti
979 2913 1118 2994 posset,
1143 2899 1316 2974 asterisco
1342 2898 1435 2973 desi-

200 3018 344 3123 gnavilt
365 3033 401 3094 et
418 3017 623 3116 aliquoties
642 3043 754 3115 quum
776 3015 985 3116 complures
1003 3017 1197 3110 artificum,
1218 3045 1434 3119 quamquam

200 3139 299 3214 idem
318 3139 360 3213 iis
381 3165 512 3212 nomen
531 3138 612 3228 fnit,
630 3138 714 3211 huic
733 3164 805 3209 non
825 3162 971 3235 semper
987 3165 1208 3238 praenomen
1223 3137 1435 3236 adjecerint,

200 3261 334 3336 factum
362 3286 439 3335 esse
465 3258 600 3357 potnit,
633 3271 673 3332 ut
696 3259 872 3356 quaedam
904 3259 1120 3334 numismata
1145 3283 1335 3359 perperam
1363 3284 1434 3329 non

202 3394 301 3457 recto
320 3380 460 3455 auctori
481 3379 655 3452 attributa
673 3377 754 3452 sint.

357 3518 433 3592 Sor.
456 3514 596 3592 Gedani
617 3543 647 3587 a.
669 3517 703 3590 d.
725 3514 812 3589 XIX
830 3514 905 3588 Cal.
926 3517 1078 3590 danuar.
1099 3512 1375 3591 MDOOOLXH.
