3180 5048
752 419 823 489 115

684 517 890 533 m

256 616 320 681 Av.
335 615 546 682 Emblemsta
557 614 796 704 alchymistiea,
812 617 918 683 literis
929 615 1094 683 hebraicis
1107 637 1227 680 nomen
1238 610 1402 679 Jehovah.

325 718 481 785 Arbores
496 719 617 804 variae,
635 719 700 804 leo,
717 721 837 806 aquile,
857 729 954 808 porta
972 719 1085 785 clausa
1102 716 1208 783 literis
1228 715 1272 784 G.
1292 717 1331 783 1..
1343 738 1404 781 no·

325 831 404 905 tata,
421 821 653 908 sepimentum,
672 823 836 909 hortulus,
855 846 944 889 mare
957 831 1018 889 etc.
1037 822 1162 888 Inscr.
1176 821 1279 887 Arete
1290 817 1404 885 Rubra

326 922 415 990 Alba
432 924 616 1012 Teguntur.

257 1026 356 1093 Num.
375 1028 547 1114 egregium
563 1027 746 1115 1¹l2polfrc.
764 1029 897 1095 lmhof
911 1030 939 1114 l,
955 1030 987 1113 2,
1005 1050 1037 1115 p.
1050 1029 1125 1112 801,
1137 1051 1168 1094 n.
1183 1030 1211 1092 1.
1223 1023 1319 1091 Rud.
1332 1025 1405 1092 358.

170 1127 363 1209 ‚cccvlll
383 1129 579 1197 Pfflmrrus
598 1131 825 1199 Medullinus
845 1155 939 1215 sem,
964 1134 1060 1218 cujus
1079 1128 1277 1217 biographis
1299 1129 1406 1194 numi·
1446 1162 1451 1191 ι

326 1240 433 1298 smate
442 1232 632 1319 insequenti
643 1235 842 1318 continetur,
855 1237 1017 1321 cujusque
1030 1233 1280 1301 dissertationes
1294 1241 1407 1299 anato-

324 1334 427 1402 micas
446 1336 634 1423 complures
652 1337 842 1404 Hallerns
862 1346 1042 1405 enumerat.

256 1436 353 1504 Adv.
370 1437 635 1526 Perigraphc:
653 1440 833 1527 Philippus
846 1440 1038 1509 Matthaeus
1050 1440 1117 1506 Per
1129 1441 1171 1506 36
1182 1441 1300 1506 Anno's
1313 1436 1406 1505 Med.

325 1541 371 1606 Et
389 1540 465 1608 Bot.
484 1541 671 1613 Professor.
693 1543 761 1611 Per
782 1545 821 1609 14
836 1544 1047 1611 Honorarius
1062 1544 1109 1611 Et
1126 1544 1323 1611 Provinciae
1342 1544 1407 1608 Ar·

325 1644 460 1711 chiater.
477 1645 601 1714 Inscr.
613 1669 723 1713 areae:
737 1647 846 1714 Natus
857 1647 1035 1735 Marpurgi
1048 1649 1083 1713 ll
1100 1645 1300 1715 Decembris
1314 1648 1407 1714 1621.

326 1747 480 1817 Dentatus
500 1750 735 1837 Frsnequerae
754 1751 796 1819 29
813 1750 1013 1819 Decembris
1036 1752 1126 1817 1700.

257 1854 321 1920 Av.
340 1851 493 1939 Angelus
511 1861 602 1921 stans
619 1877 723 1942 supra
735 1856 991 1944 sarcophagum,
1011 1854 1129 1921 dextra
1142 1854 1269 1938 tubam,
1284 1853 1407 1919 librum

326 1954 461 2021 sinistra
478 1965 605 2025 tenens.
624 1958 751 2025 Inscr.
768 1957 828 2024 lati
846 1959 1005 2044 marginis
1018 1957 1185 2044 superior:
1204 1956 1338 2022 Vivitur
1349 1957 1407 2022 Iu-

327 2058 442 2145 gsni03
461 2057 613 2126 inferior:
636 2060 783 2128 Moritur
801 2060 963 2147 Corpore.

171 2218 174 2223 .
260 2160 547 2247 Argyrographou
561 2165 611 2247 (et
621 2164 737 2250 figuris
750 2174 783 2230 et
795 2164 900 2229 literis
913 2173 1051 2249 argento
1064 2162 1197 2248 incisis)
1211 2163 1275 2244 2⁹!ss
1294 2161 1407 2247 pollic.

328 2262 363 2328 in
379 2262 575 2329 collectione
592 2264 778 2353 Rudolphii
795 2274 874 2331 erat.
892 2265 991 2334 Rud.
1010 2266 1082 2332 432.
1103 2265 1150 2330 de
1173 2264 1291 2330 Vries
1312 2263 1408 2330 etde

328 2363 354 2430 J
360 2363 491 2451 onghe
513 2363 542 2449 I,
559 2367 628 2433 tab.
646 2367 678 2450 3,
697 2391 729 2435 n.
749 2369 778 2434 l.

176 2467 328 2536 ccclx.
347 2467 544 2535 Parnasus
561 2468 788 2538 Miramur
803 2473 897 2557 jun,
920 2479 1017 2537 natus
1034 2469 1181 2557 Trajecti
1197 2469 1241 2536 ad
1255 2468 1409 2537 Rhenum

328 2571 359 2638 d.
376 2572 424 2636 16.
444 2569 544 2637 Mart.
565 2572 657 2657 1641,
674 2574 847 2661 professor
866 2573 1049 2639 anatomiae
1067 2583 1102 2638 et
1125 2572 1308 2640 medicinae
1325 2572 1409 2641 Fra·

327 2697 505 2760 nequsrae,
525 2674 583 2740 nbi
601 2676 741 2743 danatus
761 2677 791 2743 d.
810 2677 841 2744 6.
862 2676 962 2745 Octb.
983 2677 1074 2743 1690.
1149 2658 1153 2671 .

259 2777 357 2846 Adv.
392 2778 552 2847 Granium
579 2802 683 2868 super
710 2803 787 2847 ossa
813 2781 918 2847 cruris
953 2780 1099 2867 positum
1136 2779 1198 2847 sub
1221 2778 1407 2867 horologio.

327 2881 453 2949 Inscr.
470 2883 574 2951 Disce
592 2883 684 2951 Mori
703 2884 744 2949 In
759 2882 836 2949 Vita
853 2882 938 2951 Post
954 2883 1039 2949 Fata
1056 2880 1107 2950 Ut
1125 2883 1248 2948 Vivere
1263 2883 1391 2955 Possis.

259 2988 322 3052 Ar.
353 2984 611 3073 Perigraphe:
635 2985 824 3074 Philippus.
843 2986 1047 3053 Matthaeus.
1073 2987 1203 3053 Junior.
1223 2986 1299 3052 Per.
1325 2985 1408 3052 XX.

329 3092 457 3155 Annos.
477 3088 677 3156 Medicinae.
711 3088 768 3156 Et.
788 3094 981 3157 Anatomes.
1010 3091 1198 3158 Professor.
1236 3088 1282 3153 In
1302 3111 1408 3153 area:

327 3190 436 3258 Natus
459 3189 642 3279 Ultrajecti
670 3192 710 3258 16
733 3191 849 3258 Martii
875 3192 966 3257 1641.
997 3192 1150 3259 Donatus
1174 3193 1408 3278 Franequerae

328 3292 491 3362 600t0b.
514 3296 605 3364 1690.

260 3397 361 3465 Num.
380 3397 463 3483 ΨΑ,
483 3398 595 3487 pollic.
615 3398 816 3466 describitur
834 3398 925 3485 apud
941 3398 1173 3485 Kluyslrens
1198 3398 1246 3481 11,
1268 3397 1338 3464 193.

175 3497 313 3568 CCCX
342 3501 533 3570 Jouausns
550 3502 706 3570 Knuunr.
724 3524 747 3568 a
764 3503 1055 3584 Lonwsusrsuu,
1074 3508 1172 3567 natus
1190 3524 1297 3586 prope
1316 3500 1409 3568 Sles·

328 3603 439 3671 vicum
467 3629 553 3672 anuo
584 3606 678 3688 1630,
706 3604 846 3671 tenatur
875 3602 1031 3668 Holmiae
1061 3602 1093 3668 d
1117 3605 1168 3670 20.
1184 3602 1284 3667 Mart.
1312 3605 1408 3684 17033

326 3706 588 3795 pharmacopola
603 3716 637 3773 et
655 3706 824 3772 chemicus
843 3704 955 3771 multis
973 3705 1117 3770 inventis
1135 3705 1275 3770 celeber.

243 3808 358 3877 *Adra
378 3813 532 3898 Effigies,
550 3809 613 3876 sub
634 3832 716 3894 qua:
732 3806 970 3895 C(evelleriis).
1000 3807 1124 3873 Inscr.
1145 3806 1169 3872 J
1171 3806 1295 3873 ohann:
1313 3809 1410 3874 Kun-

327 3913 393 3978 kcl.
408 3912 463 3978 De
482 3913 733 3978 Loswenstern.

259 4020 323 4084 Av.
339 4014 465 4081 Litsris
483 4012 615 4105 incisim
638 4012 825 4107 ¹§thymicus
846 4011 1014 4080 Celeberr.
1035 4011 1151 4081 Seren.
1168 4013 1309 4082 Succiae
1324 4016 1408 4103 Reg.

330 4115 443 4187 Caroli
454 4112 519 4209 Xl.
538 4106 667 4197 Consilr
677 4113 807 4182 Metall.
820 4115 924 4182 Acad.
938 4116 1054 4184 Natur.
1068 4117 1198 4184 Curios.
1212 4119 1355 4186 Membr.
1369 4159 1409 4168 —-

330 4220 418 4306 Quo.
441 4208 551 4286 Tanti.
569 4214 656 4287 Viri.
678 4218 806 4306 Imago.
825 4219 965 4283 Artifioi.
984 4219 1099 4286 Manu.
1120 4220 1305 4287 Cavallorii.
1325 4224 1409 4288 For-

329 4335 428 4390 mata.
448 4322 594 4390 Diutius.
606 4321 753 4389 Maneat
769 4322 833 4389 Ex.
844 4322 968 4388 Ebore.
981 4323 1030 4388 In.
1046 4320 1263 4390 Orichalcum
1275 4326 1409 4412 F(ieri).

331 4427 512 4515 C(uravit).
530 4427 564 4494 J.
584 4427 621 4494 O.
640 4424 682 4493 V.
701 4426 877 4495 Moehsen.
895 4426 1006 4493 Berol.
1031 4425 1121 4493 1762.
1163 4528 1204 4587 8⁸
