<?xml version="1.0" encoding="UTF-8"?>
<!DOCTYPE html PUBLIC "-//W3C//DTD XHTML 1.0 Transitional//EN"
    "http://www.w3.org/TR/xhtml1/DTD/xhtml1-transitional.dtd">
<html xmlns="http://www.w3.org/1999/xhtml" xml:lang="en" lang="en">
 <head>
  <title>
</title>
<meta http-equiv="Content-Type" content="text/html;charset=utf-8" />
  <meta name='ocr-system' content='tesseract 3.04.00' />
  <meta name='ocr-capabilities' content='ocr_page ocr_carea ocr_par ocr_line ocrx_word'/>
</head>
<body>
  <div class='ocr_page' id='page_1' title='image "./recentiorisaevi00duisgoog_0058.png"; bbox 0 0 3180 5048; ppageno 0'>
   <div class='ocr_carea' id='block_1_1' title="bbox 598 377 890 496">
    <p class='ocr_par' dir='ltr' id='par_1_1' title="bbox 598 377 890 496">
     <span class='ocr_line' id='line_1_1' title="bbox 598 377 890 496; baseline -0.034 0"><span class='ocrx_word' id='word_1_1' title='bbox 598 486 602 496; x_wconf 88' lang='lat'><strong>.</strong></span> <span class='ocrx_word' id='word_1_2' title='bbox 689 377 890 488; x_wconf 70' lang='grc'>3.9,.,“</span> 
     </span>
    </p>
   </div>
   <div class='ocr_carea' id='block_1_2' title="bbox 327 576 1407 645">
    <p class='ocr_par' dir='ltr' id='par_1_2' title="bbox 327 576 1407 645">
     <span class='ocr_line' id='line_1_2' title="bbox 327 576 1407 645; baseline 0.002 -3"><span class='ocrx_word' id='word_1_3' title='bbox 327 578 440 643; x_wconf 79' lang='lat' dir='ltr'>lanese</span> <span class='ocrx_word' id='word_1_4' title='bbox 476 576 647 643; x_wconf 80' lang='lat' dir='ltr'>Gioventn</span> <span class='ocrx_word' id='word_1_5' title='bbox 683 578 770 645; x_wconf 83' lang='lat' dir='ltr'>Creo</span> <span class='ocrx_word' id='word_1_6' title='bbox 803 578 856 644; x_wconf 79' lang='lat' dir='ltr'>La</span> <span class='ocrx_word' id='word_1_7' title='bbox 890 577 1014 645; x_wconf 85' lang='lat' dir='ltr'>Scuola</span> <span class='ocrx_word' id='word_1_8' title='bbox 1046 577 1075 643; x_wconf 96' lang='lat' dir='ltr'>Il</span> <span class='ocrx_word' id='word_1_9' title='bbox 1111 577 1330 644; x_wconf 82' lang='lat' dir='ltr'>Laboratorio</span> <span class='ocrx_word' id='word_1_10' title='bbox 1360 579 1407 644; x_wconf 92' lang='lat' dir='ltr'>Di</span> 
     </span>
    </p>
   </div>
   <div class='ocr_carea' id='block_1_3' title="bbox 326 679 1407 869">
    <p class='ocr_par' dir='ltr' id='par_1_3' title="bbox 326 679 1407 869">
     <span class='ocr_line' id='line_1_3' title="bbox 328 679 1407 767; baseline -0.001 -20"><span class='ocrx_word' id='word_1_11' title='bbox 328 680 478 748; x_wconf 79' lang='lat' dir='ltr'>Chimice</span> <span class='ocrx_word' id='word_1_12' title='bbox 507 679 630 747; x_wconf 86' lang='lat' dir='ltr'>Presso</span> <span class='ocrx_word' id='word_1_13' title='bbox 662 680 714 744; x_wconf 84' lang='lat' dir='ltr'>La</span> <span class='ocrx_word' id='word_1_14' title='bbox 737 679 873 747; x_wconf 64' lang='lat' dir='ltr'>Societo</span> <span class='ocrx_word' id='word_1_15' title='bbox 894 683 1134 767; x_wconf 77' lang='lat' dir='ltr'>D&#39;lncorrngg.</span> <span class='ocrx_word' id='word_1_16' title='bbox 1169 680 1214 745; x_wconf 86' lang='lat' dir='ltr'>Al</span> <span class='ocrx_word' id='word_1_17' title='bbox 1242 679 1407 747; x_wconf 91' lang='lat' dir='ltr'>Pubblioo</span> 
     </span>
     <span class='ocr_line' id='line_1_4' title="bbox 326 782 1406 869; baseline 0 -21"><span class='ocrx_word' id='word_1_18' title='bbox 326 783 445 869; x_wconf 88' lang='lat' dir='ltr'>Aperti</span> <span class='ocrx_word' id='word_1_19' title='bbox 462 782 529 848; x_wconf 92' lang='lat' dir='ltr'>Nel</span> <span class='ocrx_word' id='word_1_20' title='bbox 546 783 628 848; x_wconf 85' lang='lat' dir='ltr'>Feb.</span> <span class='ocrx_word' id='word_1_21' title='bbox 651 785 741 848; x_wconf 81' lang='grc'>1844.</span> <span class='ocrx_word' id='word_1_22' title='bbox 759 782 848 849; x_wconf 84' lang='lat' dir='ltr'>Nato</span> <span class='ocrx_word' id='word_1_23' title='bbox 867 786 908 849; x_wconf 92' lang='lat' dir='ltr'>In</span> <span class='ocrx_word' id='word_1_24' title='bbox 927 784 1054 849; x_wconf 83' lang='lat' dir='ltr'>Milnno</span> <span class='ocrx_word' id='word_1_25' title='bbox 1074 784 1158 848; x_wconf 78' lang='lat'>1121</span> <span class='ocrx_word' id='word_1_26' title='bbox 1179 782 1295 867; x_wconf 79' lang='lat' dir='ltr'>Juglio</span> <span class='ocrx_word' id='word_1_27' title='bbox 1316 785 1406 850; x_wconf 84' lang='lat'>1806.</span> 
     </span>
    </p>
   </div>
   <div class='ocr_carea' id='block_1_4' title="bbox 174 885 1409 2207">
    <p class='ocr_par' dir='ltr' id='par_1_4' title="bbox 326 885 1407 1081">
     <span class='ocr_line' id='line_1_5' title="bbox 326 885 1407 972; baseline 0 -21"><span class='ocrx_word' id='word_1_28' title='bbox 326 885 416 952; x_wconf 90' lang='lat' dir='ltr'>Mori</span> <span class='ocrx_word' id='word_1_29' title='bbox 434 888 466 951; x_wconf 80' lang='lat' dir='ltr'>A</span> <span class='ocrx_word' id='word_1_30' title='bbox 483 885 666 952; x_wconf 85' lang='lat' dir='ltr'>Tremezzo</span> <span class='ocrx_word' id='word_1_31' title='bbox 686 886 734 954; x_wconf 91' lang='lat' dir='ltr'>Su</span> <span class='ocrx_word' id='word_1_32' title='bbox 753 887 804 952; x_wconf 87' lang='lat' dir='ltr'>Le</span> <span class='ocrx_word' id='word_1_33' title='bbox 824 886 962 972; x_wconf 90' lang='lat' dir='ltr'>Sponde</span> <span class='ocrx_word' id='word_1_34' title='bbox 991 886 1057 950; x_wconf 84' lang='lat' dir='ltr'>Del</span> <span class='ocrx_word' id='word_1_35' title='bbox 1080 885 1183 950; x_wconf 82' lang='lat' dir='ltr'>Lario</span> <span class='ocrx_word' id='word_1_36' title='bbox 1207 885 1250 949; x_wconf 86' lang='lat' dir='ltr'>Li</span> <span class='ocrx_word' id='word_1_37' title='bbox 1272 887 1313 950; x_wconf 77' lang='lat'>25</span> <span class='ocrx_word' id='word_1_38' title='bbox 1331 885 1407 952; x_wconf 88' lang='lat' dir='ltr'>Set-</span> 
     </span>
     <span class='ocr_line' id='line_1_6' title="bbox 326 988 929 1081; baseline -0.002 -27"><span class='ocrx_word' id='word_1_39' title='bbox 326 990 425 1055; x_wconf 90' lang='lat' dir='ltr'>temb.</span> <span class='ocrx_word' id='word_1_40' title='bbox 445 988 685 1056; x_wconf 84' lang='lat' dir='ltr'><strong>MCCMLIII.</strong></span> <span class='ocrx_word' id='word_1_41' title='bbox 859 1074 864 1081; x_wconf 28' lang='lat'>¹</span> <span class='ocrx_word' id='word_1_42' title='bbox 901 1034 929 1069; x_wconf 73' lang='lat'>.‚-</span> 
     </span>
    </p>

    <p class='ocr_par' dir='ltr' id='par_1_5' title="bbox 257 1024 1016 1178">
     <span class='ocr_line' id='line_1_7' title="bbox 257 1024 1016 1178; baseline -0.003 -21"><span class='ocrx_word' id='word_1_43' title='bbox 257 1093 357 1158; x_wconf 89' lang='lat' dir='ltr'>Num.</span> <span class='ocrx_word' id='word_1_44' title='bbox 377 1094 397 1157; x_wconf 81' lang='grc'>2</span> <span class='ocrx_word' id='word_1_45' title='bbox 416 1091 527 1178; x_wconf 85' lang='lat' dir='ltr'>pollio.</span> <span class='ocrx_word' id='word_1_46' title='bbox 546 1092 580 1156; x_wconf 90' lang='lat' dir='ltr'>in</span> <span class='ocrx_word' id='word_1_47' title='bbox 600 1091 730 1157; x_wconf 81' lang='lat' dir='ltr'>collect.</span> <span class='ocrx_word' id='word_1_48' title='bbox 751 1091 811 1156; x_wconf 86' lang='lat' dir='ltr'>cel.</span> <span class='ocrx_word' id='word_1_49' title='bbox 830 1024 1016 1178; x_wconf 43' lang='lat' dir='ltr'>sspell.</span> 
     </span>
    </p>

    <p class='ocr_par' dir='ltr' id='par_1_6' title="bbox 174 1193 1409 1591">
     <span class='ocr_line' id='line_1_8' title="bbox 174 1193 1409 1280; baseline -0.005 -18"><span class='ocrx_word' id='word_1_50' title='bbox 174 1195 290 1262; x_wconf 86' lang='lat' dir='ltr'>CXlI.</span> <span class='ocrx_word' id='word_1_51' title='bbox 310 1195 537 1262; x_wconf 74' lang='lat' dir='ltr'>VINCENTIUS</span> <span class='ocrx_word' id='word_1_52' title='bbox 557 1196 815 1278; x_wconf 71' lang='lat' dir='ltr'>Plccotoulru,</span> <span class='ocrx_word' id='word_1_53' title='bbox 840 1193 996 1277; x_wconf 86' lang='lat' dir='ltr'>Comes,</span> <span class='ocrx_word' id='word_1_54' title='bbox 1016 1218 1076 1279; x_wconf 84' lang='lat' dir='ltr'>per</span> <span class='ocrx_word' id='word_1_55' title='bbox 1094 1193 1230 1280; x_wconf 79' lang='lat' dir='ltr'>longum</span> <span class='ocrx_word' id='word_1_56' title='bbox 1248 1193 1409 1279; x_wconf 85' lang='lat' dir='ltr'>temporis</span> 
     </span>
     <span class='ocr_line' id='line_1_9' title="bbox 326 1296 1409 1386; baseline -0.002 -22"><span class='ocrx_word' id='word_1_57' title='bbox 326 1299 471 1386; x_wconf 81' lang='lat' dir='ltr'>spatium</span> <span class='ocrx_word' id='word_1_58' title='bbox 489 1299 523 1363; x_wconf 84' lang='lat' dir='ltr'>in</span> <span class='ocrx_word' id='word_1_59' title='bbox 544 1299 727 1366; x_wconf 79' lang='lat' dir='ltr'>Calilornia</span> <span class='ocrx_word' id='word_1_60' title='bbox 745 1307 968 1363; x_wconf 82' lang='lat' dir='ltr'>commoratus</span> <span class='ocrx_word' id='word_1_61' title='bbox 989 1296 1031 1361; x_wconf 85' lang='lat' dir='ltr'>ad</span> <span class='ocrx_word' id='word_1_62' title='bbox 1059 1296 1303 1383; x_wconf 85' lang='lat' dir='ltr'>promovendas</span> <span class='ocrx_word' id='word_1_63' title='bbox 1328 1320 1409 1383; x_wconf 85' lang='lat' dir='ltr'>geo-</span> 
     </span>
     <span class='ocr_line' id='line_1_10' title="bbox 327 1400 1406 1489; baseline -0.004 -22"><span class='ocrx_word' id='word_1_64' title='bbox 327 1401 505 1489; x_wconf 80' lang='lat' dir='ltr'>graphicas</span> <span class='ocrx_word' id='word_1_65' title='bbox 541 1411 575 1466; x_wconf 91' lang='lat' dir='ltr'>et</span> <span class='ocrx_word' id='word_1_66' title='bbox 609 1401 888 1488; x_wconf 79' lang='lat' dir='ltr'>ethnogrophicns</span> <span class='ocrx_word' id='word_1_67' title='bbox 924 1400 1080 1465; x_wconf 79' lang='lat' dir='ltr'>scientias</span> <span class='ocrx_word' id='word_1_68' title='bbox 1114 1400 1406 1486; x_wconf 79' lang='lat' dir='ltr'>investigationum</span> 
     </span>
     <span class='ocr_line' id='line_1_11' title="bbox 329 1503 997 1591; baseline -0.004 -20"><span class='ocrx_word' id='word_1_69' title='bbox 329 1528 491 1572; x_wconf 79' lang='lat' dir='ltr'>summam</span> <span class='ocrx_word' id='word_1_70' title='bbox 508 1503 636 1589; x_wconf 81' lang='lat' dir='ltr'>Romae</span> <span class='ocrx_word' id='word_1_71' title='bbox 656 1503 783 1591; x_wconf 85' lang='lat' dir='ltr'>publici</span> <span class='ocrx_word' id='word_1_72' title='bbox 800 1504 887 1589; x_wconf 88' lang='lat' dir='ltr'>juris</span> <span class='ocrx_word' id='word_1_73' title='bbox 905 1503 997 1569; x_wconf 85' lang='lat' dir='ltr'>fecit.</span> 
     </span>
    </p>

    <p class='ocr_par' dir='ltr' id='par_1_7' title="bbox 258 1593 1407 1798">
     <span class='ocr_line' id='line_1_12' title="bbox 258 1593 1407 1694; baseline -0.001 -21"><span class='ocrx_word' id='word_1_74' title='bbox 258 1606 355 1673; x_wconf 83' lang='lat' dir='ltr'>Adv.</span> <span class='ocrx_word' id='word_1_75' title='bbox 374 1593 528 1694; x_wconf 81' lang='lat' dir='ltr'>Effigies,</span> <span class='ocrx_word' id='word_1_76' title='bbox 548 1607 610 1673; x_wconf 87' lang='lat' dir='ltr'>sub</span> <span class='ocrx_word' id='word_1_77' title='bbox 631 1630 710 1693; x_wconf 86' lang='lat' dir='ltr'>qua:</span> <span class='ocrx_word' id='word_1_78' title='bbox 728 1607 772 1672; x_wconf 90' lang='lat' dir='ltr'>K.</span> <span class='ocrx_word' id='word_1_79' title='bbox 792 1606 921 1692; x_wconf 85' lang='lat' dir='ltr'>Longe.</span> <span class='ocrx_word' id='word_1_80' title='bbox 948 1607 1039 1671; x_wconf 82' lang='lat'>1845.</span> <span class='ocrx_word' id='word_1_81' title='bbox 1063 1605 1188 1672; x_wconf 85' lang='lat' dir='ltr'>Inscr.</span> <span class='ocrx_word' id='word_1_82' title='bbox 1207 1605 1407 1672; x_wconf 82' lang='lat' dir='ltr'>Vincentius</span> 
     </span>
     <span class='ocr_line' id='line_1_13' title="bbox 328 1710 952 1798; baseline -0.003 -21"><span class='ocrx_word' id='word_1_83' title='bbox 328 1711 451 1777; x_wconf 83' lang='lat' dir='ltr'>Comes</span> <span class='ocrx_word' id='word_1_84' title='bbox 469 1710 690 1776; x_wconf 88' lang='lat' dir='ltr'>Piccolomini</span> <span class='ocrx_word' id='word_1_85' title='bbox 708 1710 761 1775; x_wconf 91' lang='lat' dir='ltr'>De</span> <span class='ocrx_word' id='word_1_86' title='bbox 781 1712 952 1798; x_wconf 79' lang='lat' dir='ltr'>Aragoun.</span> 
     </span>
    </p>

    <p class='ocr_par' dir='ltr' id='par_1_8' title="bbox 258 1811 1408 2106">
     <span class='ocr_line' id='line_1_14' title="bbox 258 1811 1406 1897; baseline 0.001 -19"><span class='ocrx_word' id='word_1_87' title='bbox 258 1813 322 1878; x_wconf 88' lang='lat' dir='ltr'>Av.</span> <span class='ocrx_word' id='word_1_88' title='bbox 341 1813 465 1879; x_wconf 88' lang='lat' dir='ltr'>Mulier</span> <span class='ocrx_word' id='word_1_89' title='bbox 483 1812 604 1881; x_wconf 79' lang='lat' dir='ltr'>sedens</span> <span class='ocrx_word' id='word_1_90' title='bbox 624 1811 741 1879; x_wconf 83' lang='lat' dir='ltr'>dextra</span> <span class='ocrx_word' id='word_1_91' title='bbox 760 1812 930 1894; x_wconf 84' lang='lat' dir='ltr'>circinum,</span> <span class='ocrx_word' id='word_1_92' title='bbox 950 1812 1085 1878; x_wconf 80' lang='lat' dir='ltr'>sinistre</span> <span class='ocrx_word' id='word_1_93' title='bbox 1102 1813 1257 1878; x_wconf 80' lang='lat' dir='ltr'>volumen</span> <span class='ocrx_word' id='word_1_94' title='bbox 1278 1823 1406 1897; x_wconf 88' lang='lat' dir='ltr'>tenens,</span> 
     </span>
     <span class='ocr_line' id='line_1_15' title="bbox 328 1913 1408 2003; baseline -0.001 -22"><span class='ocrx_word' id='word_1_95' title='bbox 328 1915 369 1981; x_wconf 83' lang='lat' dir='ltr'>ad</span> <span class='ocrx_word' id='word_1_96' title='bbox 382 1918 477 2003; x_wconf 91' lang='lat' dir='ltr'>cujus</span> <span class='ocrx_word' id='word_1_97' title='bbox 489 1914 594 2002; x_wconf 86' lang='lat' dir='ltr'>pedes</span> <span class='ocrx_word' id='word_1_98' title='bbox 608 1913 729 2002; x_wconf 79' lang='lat' dir='ltr'>globus</span> <span class='ocrx_word' id='word_1_99' title='bbox 742 1924 776 1980; x_wconf 87' lang='lat' dir='ltr'>et</span> <span class='ocrx_word' id='word_1_100' title='bbox 788 1916 871 1982; x_wconf 82' lang='lat' dir='ltr'>cisto</span> <span class='ocrx_word' id='word_1_101' title='bbox 883 1915 1107 1982; x_wconf 88' lang='lat' dir='ltr'>voluminibus</span> <span class='ocrx_word' id='word_1_102' title='bbox 1120 1916 1257 2002; x_wconf 84' lang='lat' dir='ltr'>repleta.</span> <span class='ocrx_word' id='word_1_103' title='bbox 1281 1917 1408 1982; x_wconf 89' lang='lat' dir='ltr'>Inscr.</span> 
     </span>
     <span class='ocr_line' id='line_1_16' title="bbox 329 2019 1064 2106; baseline -0.003 -21"><span class='ocrx_word' id='word_1_104' title='bbox 329 2019 532 2085; x_wconf 82' lang='lat' dir='ltr'>Calisoruioc</span> <span class='ocrx_word' id='word_1_105' title='bbox 552 2019 763 2105; x_wconf 81' lang='lat' dir='ltr'>Descriptae.</span> <span class='ocrx_word' id='word_1_106' title='bbox 782 2019 925 2106; x_wconf 73' lang='lat' dir='ltr'>Euerg.</span> <span class='ocrx_word' id='word_1_107' title='bbox 948 2020 1038 2084; x_wconf 87' lang='grc'><strong>1836.</strong></span> <span class='ocrx_word' id='word_1_108' title='bbox 1061 2047 1064 2051; x_wconf 93' lang='grc'><strong><em>·</em></strong></span> 
     </span>
    </p>

    <p class='ocr_par' dir='ltr' id='par_1_9' title="bbox 259 2119 1099 2207">
     <span class='ocr_line' id='line_1_17' title="bbox 259 2119 1099 2207; baseline -0.002 -20"><span class='ocrx_word' id='word_1_109' title='bbox 259 2120 360 2187; x_wconf 81' lang='lat' dir='ltr'>Num.</span> <span class='ocrx_word' id='word_1_110' title='bbox 381 2123 482 2206; x_wconf 79' lang='lat' dir='ltr'>1¹⁰ln</span> <span class='ocrx_word' id='word_1_111' title='bbox 500 2120 612 2207; x_wconf 83' lang='lat' dir='ltr'>pollio.</span> <span class='ocrx_word' id='word_1_112' title='bbox 630 2121 665 2187; x_wconf 91' lang='lat' dir='ltr'>in</span> <span class='ocrx_word' id='word_1_113' title='bbox 684 2121 814 2188; x_wconf 88' lang='lat' dir='ltr'>collect.</span> <span class='ocrx_word' id='word_1_114' title='bbox 834 2121 895 2187; x_wconf 87' lang='lat' dir='ltr'>cel.</span> <span class='ocrx_word' id='word_1_115' title='bbox 913 2119 1099 2207; x_wconf 75' lang='lat' dir='ltr'>Rfippcll.</span> 
     </span>
    </p>
   </div>
   <div class='ocr_carea' id='block_1_5' title="bbox 0 0 1594 5048">
    <p class='ocr_par' dir='ltr' id='par_1_10' title="bbox 0 0 1594 5048">
     <span class='ocr_line' id='line_1_18' title="bbox 0 0 1594 5048; baseline 0 3"><span class='ocrx_word' id='word_1_116' title='bbox 0 0 1594 5048; x_wconf 95' lang='lat' dir='ltr'> </span> 
     </span>
    </p>
   </div>
  </div>
 </body>
</html>
